1816 2956
365 159 552 198 CATALECTA.
795 153 832 200 53
842 155 853 200 l

129 317 149 363 si
164 316 267 364 laudem
280 316 420 378 adspirare,
437 315 541 363 humilis
554 317 575 363 si
589 317 660 365 adire
674 332 803 377 camenas,

165 405 185 452 si
199 405 282 467 patrio
297 403 389 451 Graios
403 404 516 451 carmine
530 405 601 453 adire
614 406 681 454 sales

129 509 274 556 possumus,
291 493 384 555 optatIs
398 493 456 554 plus
469 493 522 539 iam
535 495 697 555 procedimus
713 496 783 558 ipsis.

164 583 214 630 hoc
227 582 288 629 satis
302 590 353 640 est;
374 581 464 643 pingui
479 581 515 629 nil
528 581 592 628 mihi
606 597 665 630 cum
677 585 784 647 populo.

429 668 488 716 XII.

128 758 232 820 Aspice,
249 772 326 819 quem
339 757 425 805 valido
439 757 578 806 subnixum
590 759 676 820 gloria
688 773 768 821 regno

164 846 239 892 altius
254 852 279 893 et
292 845 357 894 caeli
371 845 473 893 sedibus
488 847 628 894 extulerat:

128 942 253 982 terrarum
267 934 309 981 hic
323 932 391 981 bello
406 948 529 995 magnum
544 943 708 984 concusserat
721 937 818 995 orbem,

164 1021 206 1069 hio
220 1036 291 1082 reges
305 1021 383 1069 Asiae
396 1022 515 1084 fregerat,
530 1023 573 1071 hic
586 1025 705 1086 populos,

94 1114 107 1156 5
128 1109 169 1157 hic
182 1124 259 1171 grave
271 1110 401 1158 servitium
415 1110 462 1158 tibi
473 1111 535 1170 iam,
551 1111 595 1159 tibi
608 1111 701 1171 Romo,
716 1113 814 1163 ferebat

164 1198 260 1260 (cetera
272 1213 385 1262 namque
397 1199 444 1246 viri
458 1201 564 1262 cuspide
576 1202 763 1266 conciderant),

128 1303 186 1336 cum
200 1287 284 1336 subito
297 1287 325 1335 in
338 1287 424 1336 modio
438 1303 523 1337 rerum
537 1291 675 1339 certamine
687 1307 809 1355 praeceps

162 1377 267 1436 corruit,
283 1391 296 1425 e
309 1377 392 1439 patria
405 1377 493 1440 pulsus
506 1377 533 1425 iu
547 1378 662 1426 exilium.

126 1466 178 1513 tale
191 1467 253 1513 (leae
266 1480 372 1524 numen,
388 1466 433 1513 tali
447 1467 566 1515 mortalia
579 1467 629 1514 ritu

75 1559 106 1601 10
161 1554 242 1602 fallax
255 1560 386 1602 momento
400 1555 520 1617 temporis
534 1555 600 1604 hora
614 1556 672 1602 ruit.

415 1643 488 1692 XIII.

126 1729 295 1793 Quocumque
308 1731 346 1779 irc
359 1731 444 1778 ferunt
456 1732 542 1779 variae
556 1746 602 1779 nos
616 1739 732 1794 tempora
747 1733 822 1792 vitae,

161 1827 266 1881 tangere
280 1835 343 1883 quas
357 1826 437 1868 terras
451 1834 567 1882 quosque
580 1820 665 1868 videre
677 1820 804 1879 homines,

126 1908 277 1970 dispeream,
293 1908 314 1956 si
328 1915 352 1957 te
366 1908 442 1956 fuerit
454 1908 517 1955 mihi
532 1908 616 1956 carior
628 1909 701 1957 alter.

161 1997 226 2043 alter
239 1997 307 2045 enim
321 1996 378 2059 quis
392 2003 416 2045 te
430 1997 530 2045 dulcior
543 2012 598 2044 esse
611 2004 702 2059 potest,

91 2089 105 2132 5
126 2085 166 2133 cui
180 2085 265 2133 iuveni
278 2093 338 2133 ante
351 2086 417 2133 alios
431 2086 481 2133 divi
495 2087 633 2148 divumque
645 2099 745 2133 sorores

161 2179 263 2232 cuncta,
278 2189 362 2237 neque
375 2174 492 2235 indigno,
508 2175 592 2233 Musa,
608 2174 700 2222 dedere
713 2172 790 2231 bona,

124 2268 217 2310 cuneta
250 2262 342 2325 quibus
374 2264 470 2324 gaudet
498 2261 597 2310 Phoebi
628 2261 721 2310 chorus
746 2262 852 2324 ipseque

338 2393 339 2397 ,
423 2349 560 2398 Phoebus?

160 2439 261 2486 doctior
274 2454 289 2487 ο
303 2440 360 2501 quis
374 2446 407 2499 te,
422 2440 506 2496 Musa,
522 2438 601 2486 fuisse
614 2438 715 2500 potest?

124 2541 139 2574 o
154 2527 211 2588 quis
225 2533 249 2574 te
262 2527 289 2574 in
303 2528 375 2574 terris
389 2528 504 2590 loquitur
517 2526 655 2575 iucundior
667 2526 738 2573 uno?

73 2621 104 2663 10
158 2613 216 2663 Clio
230 2624 283 2663 tam
296 2624 363 2664 certe
377 2616 488 2663 candida
501 2630 554 2664 non
566 2615 689 2677 loquitur.

634 2689 696 2743 W

847 2748 877 2776 ,Ι
