1816 2956
66 175 75 219 l
88 174 123 221 42
302 185 328 221 Ρ.
346 183 467 223 VERGILI
487 184 617 226 nsnonls

55 393 56 397 ,
132 347 176 389 aut
187 340 330 404 spumantis
343 341 403 404 apri¹
412 357 515 390 cursum
528 344 640 392 elamore
653 339 833 407 prementem'

62 434 112 478 325
168 429 211 478 Sic
225 430 326 489 Venus,
341 437 366 479 et
378 431 485 479 Veneris
500 433 639 482 contrusio
652 434 720 482 filius
733 450 817 495 orsus,

129 507 215 569 ‘nulla
227 525 329 568 tuarum
342 519 431 568 audita
443 520 506 568 mihi
520 535 603 584 neque
617 523 670 570 visa
683 538 811 584 sororum,

133 622 149 656 o
162 635 197 644 -
210 624 289 672 quam
302 615 327 657 te
339 623 489 668 memorem,
503 610 592 672 virgo?
605 626 718 675 namque
731 613 801 662 haud
816 614 858 662 tibi

433 699 517 747 voltus

133 786 258 845 mortalis,
275 802 322 836 nee
335 802 384 835 vox
398 787 528 836 hominem
541 795 631 848 sonat3
651 804 675 849 o,
692 790 740 839 den
753 799 835 852 certe3

55 941 59 947 .
133 889 167 924 an
179 875 278 924 Phoebi
291 890 373 935 soror,
389 890 422 924 an
436 877 607 939 nympharum
620 879 754 940 sanguinis
767 881 838 928 uua?

63 969 114 1013 330
133 964 168 1012 sis
181 964 244 1013 felix
256 971 424 1028 nostrumque
437 966 504 1013 leves
519 981 695 1029 quaecumque
709 967 827 1016 laborem

133 1061 221 1117 atquo
235 1054 282 1102 sub
296 1055 368 1102 caelo
382 1054 494 1113 tandem,
511 1055 603 1117 quibus
618 1055 726 1103 urbisin
739 1057 792 1104 oris

132 1143 257 1192 iactemur
270 1143 379 1201 doceas3
393 1142 479 1204 ignari
492 1130 678 1206 hominumque
691 1144 859 1209 locorumque

133 1247 256 1291 erramus,
272 1238 347 1280 vento
361 1231 412 1280 huc
424 1231 501 1279 vastis
515 1240 541 1280 et
552 1232 671 1280 fluctibus
685 1233 751 1280 acti:

133 1322 216 1371 multa
228 1321 274 1369 tibi
288 1328 347 1369 aute
360 1336 418 1369 aras
431 1327 520 1368 nostra
532 1321 607 1369 cadet
619 1321 705 1369 hostia
718 1315 830 1372 dextra'

62 1415 113 1458 335
168 1411 236 1459 Tum
251 1399 427 1458 Venus‘haud
441 1410 561 1472 equidem
578 1410 624 1457 tali
641 1425 682 1458 me
702 1411 797 1472 dignor
816 1412 861 1461 ho·

433 1513 511 1547 nore:

132 1588 273 1650 virginibus
287 1588 371 1650 Tyriis
384 1603 440 1636 mos
454 1595 492 1636 est
503 1595 604 1649 gestare
618 1588 767 1650 pharetram

133 1692 313 1741 purpureoque
327 1678 377 1726 alte
391 1692 463 1725 suras
477 1677 572 1725 vincire
585 1677 721 1725 cothurno.

132 1767 232 1814 Punica
244 1781 325 1828 regna
337 1767 416 1825 vides,
432 1767 523 1829 Tyrios
537 1773 563 1814 et
574 1766 704 1827 Agenoris
718 1766 825 1815 urbem:

133 1856 177 1903 sed
191 1855 253 1903 fines
267 1855 373 1918 Libyci3
392 1871 473 1919 genus
486 1855 649 1904 intractabile
663 1855 741 1903 bello,

64 1950 114 1993 340
134 1945 269 2007 imperium
282 1945 351 1993 Dido
364 1945 444 2008 Tyria
456 1945 522 2007 regit
534 1944 597 1992 urbe
610 1944 734 2007 prosecta,

133 2048 285 2096 germanum
298 2033 408 2096 fugiens.
436 2036 515 2096 longa
528 2034 680 2091 estimatis,
697 2034 794 2095 longae
811 2037 815 2044 '

134 2123 255 2184 ambages
266 2139 272 2181 ;
291 2123 335 2171 sed
349 2138 449 2170 summa
462 2139 556 2186 sequar
568 2123 671 2183 fastigia
683 2137 779 2170 rernm.

133 2213 194 2260 huic
208 2212 322 2260 coniunx
335 2211 465 2275 Sychaeus
479 2220 541 2271 erat,
558 2212 696 2258 ditissimus
711 2212 766 2273 agri

132 2302 301 2360 Phoenicum,
317 2307 343 2348 et
354 2315 449 2362 magno
463 2301 571 2349 miserae
585 2301 692 2348 dilectus
706 2315 804 2361 amore,

64 2398 113 2441 345
135 2392 175 2440 cui
189 2398 261 2454 pater
273 2391 397 2438 intactam
410 2390 516 2437 dederat
528 2390 669 2453 primisque
682 2390 786 2450 iugarat

134 2480 272 2529 ominibus.
303 2479 347 2526 sed
360 2493 441 2539 regna
453 2478 514 2540 Tyri
527 2493 664 2540 germanus
678 2478 792 2526 habebat

133 2569 296 2633 Pygmalion,
312 2567 407 2615 scelere
421 2573 480 2616 ante
494 2568 559 2615 alios
572 2568 701 2615 inmanior
715 2569 810 2616 omnis.

134 2673 199 2725 quos
212 2656 391 2710 intermedius
405 2656 475 2705 venit
487 2656 566 2705 furor.
593 2656 639 2705 ille
652 2654 800 2718 Sychaeum
