1816 2956
296 176 444 217 assumes
467 177 556 216 ursan
571 177 612 216 rr.
792 166 853 217 303

58 341 107 383 500
126 334 263 397 Deiphobe
277 335 442 396 armipotens,
457 348 539 395 genus
553 335 606 382 alto
620 349 636 382 a
648 334 775 396 sanguine
788 334 856 382 Teu-

428 423 474 481 eri,

127 512 184 574 quis
197 517 250 559 tam
263 511 374 559 crudelis
387 511 487 574 optavit
498 525 598 560 sumere
611 511 726 574 poenus?

126 600 168 648 cui
181 606 281 647 tuntum
295 599 327 648 de
340 607 364 648 te
377 600 468 648 licuit?
488 599 551 646 mihi
565 599 634 648 sama
646 615 767 663 suprema

127 695 204 737 noete
217 689 276 736 tulit
289 687 383 736 fessum
395 695 467 736 vasta
480 696 505 736 te
518 688 597 737 caede
609 688 748 751 Pelasgum

127 777 295 840 procubuisse
308 791 385 839 super
397 777 520 826 confusae
533 777 625 839 stragis
638 791 765 826 acervom.

58 871 107 913 505
128 872 189 914 tunc
203 872 305 927 egomet
317 866 444 914 tumulum
457 865 573 914 Rhoeteo
586 866 661 914 litore
674 866 780 914 inanem

128 954 249 1002 constitui
264 960 289 1001 et
301 968 397 1015 magna
408 954 492 1001 menis
506 961 544 1002 ter
556 969 619 1003 voce
631 954 730 1004 vocavi.

128 1057 222 1090 nomen
237 1049 262 1091 et
274 1057 346 1089 arma
359 1043 446 1090 lecum
458 1051 573 1090 sem'ant:
595 1049 628 1101 te,
645 1043 736 1102 amice,
751 1043 856 1107 nequivi

128 1131 277 1202 conspicere
290 1137 316 1179 et
328 1131 412 1193 putria
425 1131 550 1180 decedens
564 1145 660 1193 ponere
673 1123 760 1180 terra.²

129 1221 161 1267 ad
175 1234 242 1282 quae
254 1219 398 1268 Priamides
407 1208 483 1268 ‘nihil
497 1235 513 1268 o
527 1219 573 1268 tibi
586 1220 669 1269 amice
681 1221 815 1282 relictum3

60 1314 109 1357 510
130 1309 218 1356 omnia
230 1309 370 1372 Deiphobe
383 1309 479 1357 sollisti
494 1315 519 1357 et
530 1309 627 1357 funeris
640 1309 747 1358 umbris.

129 1399 173 1447 sed
187 1412 227 1446 me
241 1397 294 1446 fate
306 1413 365 1446 mea
377 1405 403 1447 et
415 1399 499 1446 scelus
512 1397 617 1446 exitiale
629 1397 768 1447 Lacaenae

129 1487 168 1536 his
182 1500 293 1535 mersere
306 1487 397 1546 malis3
417 1486 465 1535 illc
482 1487 547 1535 haec
560 1494 728 1535 monumenta
740 1486 855 1550 reliquit.

128 1591 241 1638 namque
254 1584 283 1622 ut
294 1590 441 1638 supremam
454 1575 520 1623 fulsa
531 1575 598 1624 inter
610 1575 708 1637 gaudia
719 1581 821 1623 noctem

129 1665 256 1726 egerimus
269 1665 351 1723 nosti,
366 1672 392 1712 et
404 1664 512 1712 nimium
525 1664 671 1712 meminisse
684 1670 821 1712 necessest.

59 1759 108 1801 515
129 1768 188 1801 cum
201 1752 286 1800 fatalis
299 1767 359 1801 ecus
372 1753 439 1800 saltu
452 1767 530 1815 super
542 1753 624 1800 ardua
636 1752 707 1800 venit

128 1842 256 1903 Pergama
269 1847 294 1890 et
307 1847 434 1888 armatum
446 1841 558 1903 peditem
571 1841 655 1902 gravis
669 1840 755 1889 attulit
767 1840 836 1901 alvo,

128 1930 183 1988 illa,
200 1929 307 1978 chorum
319 1929 453 1988 simulans,
469 1929 588 1977 euhantis
601 1930 676 1992 orgia
688 1929 785 1978 circum

129 2018 240 2066 ducebat
251 2017 377 2079 Phrygias
388 2034 394 2076 ;
414 2018 544 2066 flammam
556 2018 643 2066 media
654 2019 712 2081 ipsa
723 2016 828 2068 tenebat

129 2107 260 2169 ingentem
274 2113 300 2154 et
312 2120 413 2154 summu
424 2105 533 2154 Danaos
545 2121 577 2155 ex
590 2121 648 2156 arce
660 2107 778 2156 vocabat.

59 2200 109 2243 520
129 2202 184 2242 tum
196 2209 247 2253 me,
263 2195 409 2243 confectum
422 2194 489 2243 curis
502 2209 646 2258 somnoque
658 2202 801 2258 grauatum,

129 2283 220 2332 infelix
233 2283 324 2331 habuit
336 2284 465 2332 thalamus
477 2284 621 2347 pressitque
633 2285 759 2333 iacentem

131 2372 215 2420 duleis
228 2379 253 2421 et
266 2373 319 2421 alta
332 2373 403 2434 quies
416 2372 586 2436 placidaeque
599 2373 732 2422 simillime
745 2373 830 2421 morti.

130 2461 235 2523 egregia
248 2460 346 2509 interea
359 2461 474 2509 coniunx
486 2476 558 2510 arma
570 2463 659 2510 omnia
670 2462 744 2512 tectis

58 2589 60 2593 .
130 2557 232 2598 amovet
245 2555 270 2598 et
282 2549 362 2596 fidum
375 2550 454 2612 cupiti
468 2549 626 2600 subduxerat
638 2564 742 2611 eusem3

59 2642 109 2686 525
129 2637 198 2686 intra
210 2644 277 2686 tecta
289 2644 365 2686 vocat
376 2638 524 2686 Menelaum
537 2646 563 2687 et
575 2639 669 2687 limine.
677 2638 790 2701 pandit,
