1816 2956
307 186 334 225 1³.
351 185 473 225 vnnelnl
493 186 625 227 nunonis

139 344 195 391 avia
208 351 263 391 tum
275 352 398 393 resonent
409 344 498 392 avibus
512 344 622 406 virgulta
635 346 738 394 canoris

138 439 163 480 et
175 432 304 481 Venerem
316 433 392 482 certis
405 440 524 496 repetunt
536 434 654 482 armenta
665 434 766 493 diebus,

64 526 118 569 330
137 521 247 584 parturit
259 522 343 570 almus
356 537 418 584 eger
429 521 585 585 zephyrique
598 523 744 586 tepentibus
758 525 826 573 aruris

137 611 227 659 laxant
239 626 300 659 arva
312 612 392 670 sinus,
408 620 512 674 superet
525 619 597 661 tener
610 612 732 661 omnibus
745 627 828 671 umor,

136 700 215 763 inque
228 715 309 749 novos
322 701 389 749 soles
403 701 500 749 audent
511 716 539 750 se
552 701 670 762 germina
682 709 738 750 tuto

137 790 248 848 eredere,
264 804 312 838 nee
324 791 415 838 metuit
427 797 560 852 surgentes
573 790 711 853 pampinus
724 798 825 839 austros

137 885 182 927 aut
194 886 280 927 aetum
293 880 366 927 caelo
379 879 480 940 mugnis
494 878 659 942 aquilonibus
674 879 793 940 imbrem,

62 973 115 1015 335
136 967 180 1016 sed
195 968 274 1016 trudit
286 982 400 1030 gemmas
415 975 440 1016 et
451 967 555 1017 frondes
568 969 682 1031 explieat
694 983 794 1018 omnes.

136 1071 189 1104 non
202 1056 267 1104 alios
281 1058 364 1120 prima
377 1058 514 1106 crescentis
527 1058 627 1120 urigine
640 1058 729 1106 muudi

135 1145 259 1194 inluxisse
273 1146 326 1194 dies
340 1147 451 1195 aliumve
464 1147 585 1196 habuisse
598 1155 714 1195 tenorem

135 1235 304 1294 crediderim
325 1250 368 1284 ver
380 1236 446 1284 illud
460 1243 522 1294 erat,
537 1251 581 1284 ver
593 1251 702 1297 magnus
717 1237 813 1298 agebat

135 1325 204 1374 orbis
218 1331 243 1374 et
255 1324 369 1373 hibernis
382 1323 523 1387 parcebant
534 1325 635 1374 flatibus
649 1326 713 1384 emi,

61 1420 114 1463 340
135 1429 193 1464 cum
206 1414 304 1477 primae
317 1413 401 1462 lucem
414 1415 525 1476 pecudes
538 1414 646 1464 hausere
659 1415 795 1477 vinumque

134 1511 217 1552 terrea
229 1503 366 1566 progenies
380 1503 449 1550 duris
464 1510 541 1565 eaput
554 1505 646 1552 extulit
659 1504 726 1554 arvis

133 1593 306 1656 inmissaeque
320 1592 387 1641 ferae
401 1593 470 1640 silvis
483 1602 508 1641 et
521 1593 607 1641 sidera
620 1594 702 1641 caelo.

134 1697 181 1731 nee
194 1697 234 1731 res
247 1681 317 1731 hunc
330 1689 433 1730 tenerae
446 1689 551 1744 possent
562 1682 675 1745 perferre
688 1682 815 1739 laborem,

134 1773 155 1820 si
169 1786 221 1819 non
235 1778 308 1820 tenta
321 1771 394 1834 quies
407 1771 455 1819 iret
467 1770 600 1834 frigusque
614 1771 781 1834 caloremque

61 1867 112 1910 345
133 1863 199 1909 iuter
212 1869 236 1909 et
249 1860 378 1923 exciperet
394 1861 459 1908 eeeli
472 1861 635 1922 indulgentia
647 1867 737 1909 terras.

169 1950 245 2010 Quod
267 1956 396 2012 superest,
425 1964 602 2012 quaecumque
627 1964 728 2011 premes
752 1951 858 2012 virgulta

434 2053 479 2101 per
492 2052 577 2100 agros,

133 2143 225 2192 sparge
239 2127 299 2175 fimo
312 2127 403 2190 pingui
417 2135 442 2176 et
453 2129 536 2176 multa
548 2142 646 2176 memor
659 2128 750 2176 occule
763 2135 840 2186 terra,

133 2217 297 2279 autlapidem
305 2216 421 2265 bibulum
428 2217 621 2280 eutsqualentis
633 2216 721 2264 infode
735 2216 858 2266 conchas:

132 2307 199 2355 inter
212 2306 281 2354 enim
294 2304 414 2353 labentur
427 2321 510 2368 aquae
523 2307 658 2368 tenuisque
671 2304 770 2354 subibit

61 2401 113 2445 350
133 2395 228 2444 halitus
242 2401 319 2457 atque
333 2395 434 2445 animos
447 2395 540 2442 tollent
552 2402 617 2442 sata.
651 2395 758 2457 iamque
769 2397 858 2459 repert

126 2485 174 2546 qui
185 2499 252 2533 sexo
265 2500 344 2550 super
358 2492 437 2549 atque
447 2484 560 2546 ingentis
573 2484 687 2546 pondere
700 2490 783 2534 testae

111 2586 279 2636 arguerent:
304 2578 358 2628 hoe
372 2577 475 2628 effusos
487 2574 626 2623 munimen
637 2571 790 2626 autumes,

93 2660 157 2714 boc
172 2667 220 2718 ubi
237 2671 343 2723 hiulca
356 2671 404 2722 siti
421 2668 505 2720 findit
518 2664 596 2714 sanis
609 2657 714 2710 uestitu
727 2669 803 2703 umn-
