1816 2956
118 182 180 230 314
358 191 384 229 Ρ.
402 189 523 229 vnaornr
544 189 674 228 asuerus

188 355 337 411 septemque
350 361 403 395 una
415 344 462 394 sibi
476 361 550 394 muro
565 345 734 395 circumdabit
747 361 827 405 arces,

189 437 252 486 felix
263 437 336 500 prole
348 435 447 494 virum3
468 436 552 497 qualis
565 435 718 497 Berecyntia
730 443 812 484 muter

116 529 168 575 785
188 525 317 573 invehitur
330 539 405 573 curru
418 525 543 586 Phrygias
557 524 648 572 turrita
660 539 706 586 per
718 511 802 582 urbes,

188 615 257 662 laeta
270 614 347 662 deum
360 616 443 676 partu,
460 619 562 660 eentum
576 614 703 676 conplexa
717 621 833 676 nepotes,

188 703 271 750 omnis
285 701 432 759 caelicolas,
447 701 531 748 omnis
545 716 638 764 supera
651 703 703 750 alta
716 702 835 750 tenentis.

188 791 239 840 hue
251 791 368 853 geminas
380 803 449 838 nune
460 789 533 837 flecte
545 790 622 848 acies,
638 790 705 838 hanc
717 791 803 852 aspice
814 798 898 852 genter

187 880 372 943 Romanosque
384 886 451 926 tuos.
479 878 521 926 hic
535 877 632 927 Caesar
644 887 669 926 et
682 879 765 926 omnis
778 879 829 927 Iuli

116 973 169 1019 790
188 969 335 1032 progenies,
350 981 474 1028 magnum
488 967 553 1015 caeli
567 975 674 1015 ventura
686 967 732 1015 sub
747 982 832 1016 axem.

188 1058 230 1107 hic
244 1058 294 1116 vir,
310 1057 352 1105 hie
365 1063 404 1104 est
420 1056 466 1103 tibi
479 1071 555 1119 quem
568 1057 683 1119 promitti
696 1057 798 1119 saepius
812 1056 898 1116 audis,

188 1147 321 1208 Augustus
336 1144 441 1204 Caesar,
457 1145 508 1192 divi
521 1160 612 1207 genus,
629 1160 706 1193 aurea
719 1146 813 1193 condet

187 1235 293 1284 saecula
306 1235 349 1297 qni
364 1249 452 1282 rursus
464 1227 540 1282 Latio
554 1242 662 1296 regnata
675 1249 720 1296 per
733 1248 793 1282 arva

189 1323 301 1374 Saturno
315 1323 462 1386 quondam,
483 1338 560 1386 super
578 1331 603 1371 et
616 1322 787 1372 Garamantas
801 1330 827 1370 et
839 1323 898 1372 Inde

116 1418 167 1464 795
188 1413 301 1477 proferet
313 1412 450 1474 imperium
463 1410 542 1474 (iacet
555 1421 628 1460 extra
641 1413 726 1460 sidera
740 1411 826 1469 tellus,

188 1507 261 1550 extra
274 1501 335 1549 anni
348 1500 463 1561 solisque
475 1501 537 1559 vias,
552 1501 596 1548 ubi
611 1501 715 1549 caelifer
727 1500 802 1547 Atlas

188 1606 264 1639 axem
277 1603 366 1638 umero
380 1596 483 1650 torquet
495 1590 575 1637 stellis
589 1589 737 1637 ardentibus
752 1590 864 1651 aptum).

187 1680 263 1727 huius
277 1681 304 1728 in
317 1681 455 1728 adventum
468 1679 520 1726 iam
533 1693 602 1726 nunc
615 1686 640 1725 et
654 1677 749 1739 Caspia
762 1691 844 1738 regna

187 1770 317 1832 responsis
330 1769 436 1816 horrent
449 1768 535 1815 divom
548 1774 573 1814 et
585 1767 699 1814 Maeotia
711 1767 786 1813 tellus

116 1864 168 1907 800
189 1866 214 1907 et
228 1857 423 1921 septemgemini
436 1857 541 1904 turbant
554 1855 653 1917 trepida
667 1855 733 1901 ostia
745 1853 808 1901 Nili.

188 1962 235 1996 nec
249 1961 308 1994 vero
321 1947 428 1995 Alcides
441 1953 541 1994 tanturn
554 1944 653 1992 telluris
667 1943 755 2000 obivit,

188 2036 273 2084 fixerit
286 2035 432 2098 aeripedem
446 2049 544 2083 cervam
560 2034 619 2080 licet
633 2041 676 2080 aut
688 2032 841 2093 Erymanthi

189 2125 289 2188 pacarit
301 2139 408 2172 nemora
422 2131 447 2172 et
458 2124 570 2171 Lernam
584 2121 753 2169 tremefecerit
766 2135 838 2179 areu,

188 2229 236 2262 nec
249 2213 293 2276 qui
306 2213 450 2276 pampineis
463 2213 543 2260 victor
556 2212 617 2271 iuga
629 2211 707 2258 flectit
720 2209 829 2256 habenis

118 2308 168 2352 805
189 2302 275 2361 Liber,
292 2316 370 2363 agens
384 2303 453 2349 celso
467 2301 550 2362 Nysae
564 2300 594 2347 de
608 2299 700 2347 vertice
715 2299 802 2358 tigres.

188 2400 214 2440 et
227 2390 374 2438 dubitamus
388 2389 472 2436 adhuc
485 2389 604 2436 virtutem
618 2388 754 2435 extendere
768 2386 844 2434 factis

190 2487 234 2528 aut
245 2486 328 2527 metus
341 2478 460 2525 Ausonia
472 2477 592 2539 prohibet
605 2477 743 2524 consistere
757 2476 844 2523 terra?

190 2571 247 2633 quis
261 2567 352 2632 procul
365 2567 410 2614 ille
424 2573 510 2614 autem
522 2566 600 2613 ramis
614 2566 721 2627 insignis
736 2565 819 2613 olivae

180 2674 258 2709 sacra
272 2656 378 2709 ferens?
404 2669 485 2705 nosco
499 2655 575 2704 erinis
587 2655 731 2716 incanaque
745 2663 833 2701 menta
