1816 2956
295 185 442 224 aaunrnos
460 186 548 224 urana
562 186 625 225 vm.
797 178 855 225 351

62 347 111 388 115
132 349 185 388 tum
198 349 272 404 pater
283 343 388 390 Aeneas
402 342 482 404 puppi
496 343 532 389 sic
546 342 614 390 satur
627 343 658 390 ab
672 343 725 390 alta

130 431 310 493 paciferaeque
323 445 402 478 manu
416 445 516 478 ramum
529 431 675 492 praetendit
687 431 778 480 olivae.

126 508 299 580 ‘Troiugenas
313 534 344 566 ac
356 519 409 566 tels
421 519 491 566 vides
505 518 610 566 inimica
622 518 732 582 Latinis,

131 622 195 669 quos
209 607 248 655 illi
261 607 331 655 bello
344 607 468 669 profugos
482 622 558 669 egere
571 608 690 670 superbo.

129 695 281 742 Euandrum
294 695 412 758 petimus.
441 696 504 744 ferte
518 697 582 744 haec
596 703 621 744 et
633 696 710 744 dicite
723 697 804 745 lectos

62 789 110 832 120
129 784 279 832 Dardaniae
292 784 391 832 venisse
404 784 491 843 duces,
507 785 578 833 socia
592 798 664 832 arma
676 775 818 845 rogantes.²

129 872 254 934 obstipuit
266 879 338 919 tanto
352 875 487 935 percussus
500 873 606 921 nomine
619 872 721 920 Pallas:

126 951 259 1022 ‘egredere
273 975 288 1007 o
303 961 459 1023 quicumque
471 955 504 1009 es²
518 962 554 1008 ait
563 952 714 1023 ‘coramque
725 969 858 1023 parentem

129 1049 270 1110 adloquere
283 1064 313 1096 ac
327 1049 421 1098 nostris
434 1050 542 1098 succede
555 1050 691 1112 penatibus
705 1048 798 1112 hospes
807 1041 824 1110 ς’

129 1137 283 1199 excepitque
295 1151 374 1185 mann
388 1138 557 1200 dextramque
571 1139 705 1200 amplexus
718 1137 837 1198 inhaesit.

61 1231 109 1273 125
129 1225 257 1288 progressi
271 1226 381 1274 subeunt
393 1226 453 1274 luco
466 1226 623 1289 fluviumque
636 1227 772 1275 relincunt.

163 1314 231 1361 Tum
244 1327 331 1375 regem
343 1315 446 1363 Aeneas
461 1314 536 1362 dictis
550 1314 652 1361 adfatur
666 1315 764 1363 amicis.

126 1394 241 1466 ‘optume
255 1400 441 1464 Graiugenum,
458 1403 498 1451 cui
511 1417 553 1451 me
565 1402 681 1450 Fortuna
693 1403 792 1466 precari

129 1500 153 1540 et
165 1493 228 1540 vitta
241 1499 357 1554 comptor
370 1492 452 1540 voluit
463 1492 629 1554 praetendere
641 1506 737 1550 ramos,

129 1596 181 1628 non
195 1581 315 1643 equidem
329 1581 435 1629 extimui
448 1580 570 1628 Danaum
584 1580 654 1642 quod
668 1580 759 1628 ductor
771 1588 797 1628 et
808 1583 858 1629 Ar·

430 1683 472 1718 cas

61 1763 109 1803 130
130 1758 251 1819 quodque
263 1757 294 1804 ab
307 1758 385 1820 stirpe
397 1757 464 1806 fores
471 1756 580 1819 geminis
589 1757 740 1805 coniunctus
747 1757 855 1816 Atridis,

130 1846 172 1892 sed
186 1860 244 1894 mea
257 1860 298 1893 me
310 1846 393 1893 virtus<
403 1853 428 1894 et
440 1853 531 1893 sancta
543 1846 650 1893 oracula
663 1846 758 1905 divom,

130 1933 286 1994 cognatique
299 1941 394 1997 patres,
409 1941 453 1982 tna
465 1935 539 1983 terris
553 1935 634 1984 didita
646 1935 725 1994 fama,

130 2022 286 2070 coniunxere
299 2023 345 2070 tihi
360 2030 384 2070 et
396 2023 455 2071 fatis
469 2037 543 2085 egere
558 2023 694 2072 volentem.

128 2110 276 2169 Dardanus,
291 2111 388 2160 Iliacae
400 2113 497 2174 primus
511 2119 584 2175 pater
595 2113 665 2160 urbis
679 2119 704 2161 et
717 2118 815 2170 auctor,

60 2205 109 2247 135
129 2200 239 2258 Electra,
255 2207 283 2247 ut
295 2198 357 2248 Grai
371 2201 514 2264 perhibent,
529 2202 662 2250 Atlantide
676 2208 768 2259 cretus,

129 2288 264 2336 advehitur
277 2288 407 2348 Teucros,
427 2289 558 2339 Electram
570 2291 698 2339 maximus
711 2289 791 2338 Atlas

129 2377 217 2436 edidit,
233 2377 360 2426 aetherios
374 2393 462 2427 umero
476 2381 520 2442 qni
534 2380 642 2428 sustinet
654 2379 732 2428 orbis.

128 2466 200 2513 vohis
213 2467 356 2514 Mercurius
369 2474 442 2529 pater
455 2476 501 2526 est,
517 2483 594 2530 quem
607 2469 724 2517 candida
732 2469 814 2515 stata

130 2553 252 2615 Cyllenae
263 2557 353 2618 gelido
367 2568 529 2625 conceptum
541 2559 645 2608 uertice
655 2555 751 2610 iudan,

44 2644 96 2685 140
114 2648 142 2686 Μ
151 2642 262 2707 Maiam,
279 2650 382 2700 auditis
399 2653 422 2702 si
437 2654 598 2720 quicquam
611 2646 773 2698 etehhmffis
790 2628 892 2678 hm*
