1816 2956
243 196 392 235 Aruernos
410 196 496 234 trena
514 196 564 233 vu.
741 186 800 232 3313

27 362 54 404 50
75 356 184 402 volvitur
198 362 295 402 attactu
308 353 381 400 nullo
396 352 515 415 fallitque
528 353 664 409 furentem,

74 446 204 507 vipeream
217 443 346 505 inspirans
360 442 490 499 animam;
511 442 539 489 fit
552 442 637 490 tortile
651 442 720 489 collo

75 548 165 580 aurum
177 533 269 593 ingens
283 530 397 587 coluber,
413 530 441 577 tit
454 531 548 592 longae
562 531 647 578 taenia
661 531 747 591 vittae,

75 622 233 684 innectitque
248 635 335 668 comas
349 628 374 668 et
386 619 507 668 memhris
521 619 635 667 lubricus
649 627 724 667 errat.

76 726 106 758 ac
119 711 181 757 dum
194 710 277 772 prima
291 710 345 757 lues
359 709 410 756 udo
424 708 547 770 sublapsa
561 722 658 755 veneno

27 805 56 847 55
77 807 232 862 pertemptat
244 812 333 846 sensus
348 805 425 860 atque
438 797 537 845 ossibus
551 797 659 860 inplicat
672 796 758 856 ignem

76 888 188 935 necdum
201 888 302 935 animus
316 894 370 934 teto
385 886 499 949 percepit
511 894 614 949 pectore
627 885 766 941 flammam,

75 976 181 1024 mollius
195 982 220 1023 et
232 976 310 1024 solito
324 984 435 1023 matrum
449 976 564 1023 demere
578 975 697 1030 locutum,

76 1065 157 1112 multa
175 1079 252 1126 super
271 1072 346 1113 natae
367 1065 506 1112 lacrimans
525 1063 696 1125 Phrygiisque
718 1062 805 1125 hyme-

378 1153 458 1202 aneis.

72 1232 237 1290 ‘exulibusue
251 1243 326 1290 datur
339 1242 457 1290 ducenda
470 1242 579 1289 Lavinia
592 1241 708 1300 Teucris,

27 1336 56 1378 50
76 1348 91 1378 ο
104 1332 224 1393 genitor?
244 1346 290 1379 nec
303 1339 328 1378 te
341 1331 444 1379 miseret
456 1338 603 1393 gnataeque
617 1329 721 1392 tuique?
744 1387 745 1391 Ἰ

76 1435 123 1469 nec
136 1421 225 1469 matris
245 1421 362 1479 miseret,
384 1420 566 1482 quamprimo
587 1419 709 1481 aquilone
727 1419 805 1467 relin-

378 1516 440 1570 quet

76 1599 195 1661 perfidus,
211 1599 264 1646 ulta
277 1607 365 1660 petens
379 1597 490 1646 abducta
502 1598 601 1659 virgine
615 1597 729 1659 praedo?

76 1695 168 1734 utnon
181 1687 217 1734 sic
231 1687 358 1748 Phrygius
375 1694 493 1748 penetrat
505 1686 704 1734 Lacedaemona
716 1693 806 1746 pastor

76 1775 258 1837 Ledaeamque
273 1774 399 1823 Helenam
411 1774 538 1821 Troianas
552 1775 621 1821 rexit
634 1775 665 1821 ad
680 1773 764 1821 urbes.

27 1869 54 1911 55
77 1863 138 1924 quid
153 1871 197 1910 tua
209 1870 298 1911 sancte
316 1863 396 1910 fides?
416 1863 478 1924 quid
499 1877 560 1910 cura
581 1863 689 1924 antiqua
703 1878 805 1910 tucrum

76 1960 101 1999 et
115 1952 308 2014 consanguineo
322 1953 415 1999 totiens
429 1952 490 1998 data
503 1952 609 1999 dextera
621 1951 728 1999 Turno?

76 2042 96 2088 si
110 2055 190 2102 gener
202 2048 308 2088 externa
321 2042 416 2103 petitur
429 2041 460 2088 de
472 2048 549 2102 gente
562 2041 661 2088 Latinis

75 2131 154 2192 idque
167 2131 238 2178 sedet-
250 2130 384 2192 Fsunique
398 2138 518 2192 premunt
530 2138 554 2180 te
568 2131 637 2178 iussa
650 2131 772 2193 parentis,

76 2234 179 2267 omnem
190 2219 424 2282 equidemsceptris
432 2227 526 2268 terram
537 2236 604 2283 quae
616 2221 698 2269 libera
710 2221 803 2267 nostris

27 2314 56 2358 70
77 2308 183 2355 dissidet
196 2316 327 2356 externam
340 2323 399 2356 reor
411 2317 436 2357 et
448 2309 485 2357 sic
499 2310 583 2358 dicere
597 2310 677 2357 divos.

76 2406 101 2444 ct
113 2396 211 2455 Turno,
227 2397 247 2444 si
262 2398 345 2459 prime
358 2398 450 2446 domus
463 2406 593 2460 repetatur
606 2400 689 2460 origo,

75 2485 186 2533 Inachus
200 2486 368 2548 Acrisiusque
389 2495 473 2549 patres
491 2488 643 2550 mediaeque
661 2478 804 2548 Mycenae'

114 2575 158 2621 His
173 2574 216 2621 ubi
230 2575 389 2636 nequiquam
403 2576 478 2623 dictis
491 2586 598 2637 experta
610 2575 732 2622 Latinum

78 2671 248 2710 contrastare
261 2664 330 2711 videt
343 2664 497 2727 penitusque
510 2665 540 2711 in
550 2664 777 2723 visceratapsum
