1816 2956
85 185 143 233 536
426 189 533 229 senex.

152 348 260 398 Alconis
273 347 387 396 referunt
398 346 547 408 Rhoeeique
560 352 687 405 toreuma,
702 360 752 394 nee
765 346 825 394 Indi

153 437 268 486 eonchea
280 435 346 483 baca
358 436 435 484 maris
448 435 530 497 pretio
544 442 590 493 est,
606 440 633 482 at
645 441 752 496 pectore
764 450 831 498 puro

152 539 228 587 saepe
241 539 318 586 super
330 531 418 572 tenero
431 524 570 586 prosternit
581 524 699 584 gramine
713 538 820 586 eorpus,

102 618 133 663 70
152 613 245 661 florida
258 628 316 660 eum
329 613 411 660 tellus.
418 619 577 674 gemmantes
590 613 660 674 pieta
672 627 719 674 per
731 611 828 660 herbas

153 717 211 750 vere
224 708 297 750 notat
310 701 379 749 dulci
394 701 516 749 distincta
529 700 658 748 coloribus
672 715 744 759 arva,

60 792 74 816 ³
153 797 230 852 atque
243 791 326 848 illum,
343 790 443 838 calamo
456 783 552 836 laetum
565 789 695 836 recinente
709 791 821 851 palustri

154 880 257 941 otiaque
271 879 367 925 invidia
380 878 515 939 degentem
529 892 560 925 ae
572 877 661 924 fraude
674 886 780 927 remota

153 968 344 1030 pollentemque
358 966 415 1024 sibi,
431 966 505 1013 tradi
519 981 576 1013 eum
589 966 696 1027 palmite
710 967 805 1015 lucens

102 1059 133 1104 75
156 1056 261 1104 Tmolia
273 1055 410 1118 pampineo
425 1055 511 1102 subter
524 1069 599 1102 coma
611 1054 680 1102 velat
693 1054 803 1102 amictu.

154 1145 194 1192 illi
207 1151 267 1192 sunt
278 1151 368 1205 gratae
380 1149 494 1190 rorantes
509 1143 576 1191 laete
589 1142 706 1204 capellae

154 1240 180 1280 et
191 1247 280 1279 nemus
294 1239 319 1279 et
331 1232 442 1279 fecunda
453 1231 529 1279 Pales
543 1238 568 1279 et
580 1230 690 1278 vallibus
703 1231 776 1278 intus

154 1335 254 1383 semper
267 1335 350 1383 opaea
362 1320 434 1367 novis
446 1321 581 1368 manant-ia
593 1319 708 1366 fontibus
722 1327 811 1367 antra.

155 1409 211 1470 quis
225 1408 307 1468 magis
322 1415 410 1470 optato
424 1419 501 1471 queat
514 1424 569 1456 esse
582 1408 682 1455 beatior
696 1423 761 1455 aevo

103 1502 135 1544 80
156 1513 233 1559 quam
247 1497 290 1558 qui
304 1504 389 1544 mente
401 1497 491 1559 procul
505 1513 570 1559 pura
582 1511 712 1558 sensuque
725 1497 866 1558 probando

155 1600 208 1632 non
221 1585 309 1632 avidas
323 1585 446 1646 adgnovit
459 1599 520 1646 opes
534 1600 580 1632 nec
594 1585 677 1631 tristia
691 1584 763 1632 bella

156 1689 202 1722 nec
216 1673 317 1721 funesta
329 1674 401 1721 timet
413 1674 513 1721 validae
527 1673 667 1721 certamina
681 1672 786 1731 classis,

156 1778 202 1810 nee
217 1763 305 1824 spoliis
320 1763 381 1808 dum
394 1769 483 1809 sancta
497 1763 572 1808 deum
585 1760 745 1821 fulgentibus
762 1773 840 1810 ornet

157 1851 252 1913 templa
265 1852 303 1898 vel
317 1858 417 1899 evectus
432 1851 507 1897 finem
521 1850 686 1896 transcendat
699 1849 829 1910 habendi,

104 1946 135 1987 85
157 1941 291 1986 adversum
304 1941 385 1986 saevis
398 1940 466 1986 ultro
481 1945 558 1999 caput
570 1938 686 1984 hostibus
701 1939 799 1987 offert?

156 2028 194 2074 illi
209 2027 274 2074 falce
289 2028 350 2074 deus
365 2028 465 2085 celitur,
482 2042 534 2073 non
548 2034 601 2074 arte
617 2027 722 2089 politus,

158 2116 202 2163 ille
216 2115 278 2162 colit
290 2116 371 2174 luces
387 2117 426 2163 illi
440 2115 572 2163 Panchaia
585 2122 641 2161 tura

156 2203 260 2251 floribus
275 2211 387 2264 agrestes
401 2205 495 2251 herbae
508 2203 664 2251 variantibus
678 2204 790 2264 adflent,

157 2293 195 2339 illi
210 2292 292 2339 duleis
306 2293 378 2339 adest
390 2293 491 2354 requies
506 2299 529 2340 et
543 2307 608 2354 pura
620 2292 750 2352 voluptate,

105 2387 137 2427 90
158 2380 247 2438 libera,
265 2381 424 2442 simplicibus
439 2380 521 2438 curis;
543 2380 593 2427 hue
606 2380 724 2438 inminet,
742 2397 838 2432 onmes

159 2469 246 2529 dirigit
259 2469 308 2517 huc
322 2484 420 2527 sensus,
438 2469 500 2516 haee
514 2484 576 2516 eura
590 2475 627 2515 est
640 2468 747 2516 subdita
760 2474 836 2520 cordi

159 2559 274 2620 quolibet
289 2564 315 2604 ut
327 2557 415 2618 requie
428 2558 495 2605 victu
509 2564 643 2604 contentus
657 2556 777 2607 abundet

63 2646 111 2776 Ι
150 2649 324 2717 iucundeque
337 2648 405 2698 levet
415 2646 568 2708 languentia
578 2660 688 2706 corpora
701 2663 809 2698 somno.
