1816 2956
90 201 149 248 262
328 210 354 248 Ρ.
371 207 493 248 vnnnlm
512 207 643 247 nanetus

158 367 258 424 ultima,
274 365 295 413 si
309 366 384 428 primi
399 363 474 413 Salio
485 365 627 413 reddantur
638 365 760 412 honores.

158 462 213 502 tum
225 461 298 517 pater
309 455 413 502 Aeneas
423 444 522 502 ‘vestra'
537 454 622 516 inquit
633 455 750 501 ‘munera
761 453 834 501 vobis

160 551 230 592 certa
251 550 372 602 manent,
398 543 486 605 pueri,
512 549 537 590 et
559 543 674 604 palmam
693 549 778 590 movet
797 543 889 591 ordine

458 644 549 679 nemo:

88 727 139 770 350
158 735 199 769 me
212 721 289 769 liceat
301 735 376 770 casus
389 721 504 768 miserari
517 721 626 768 insontis
640 711 736 769 amiei'

159 811 196 858 sie
208 810 275 858 fatus
289 816 388 870 tergum
402 807 504 857 Gaetuli
517 810 621 857 inmane
635 810 717 857 leonis

159 901 203 947 dat
215 897 301 956 Salio,
321 898 388 945 villis
407 912 543 946 onerosum
557 905 634 960 atque
646 897 776 958 unguibus
791 898 886 946 aureis

158 988 200 1036 hic
213 987 289 1034 Nisus
302 987 332 1033 tsi
346 979 424 1034 tanta’
436 987 522 1048 inquit
531 977 601 1033 ‘sunt
614 986 730 1049 praemia
743 987 816 1034 vietis

159 1083 184 1124 et
197 1083 220 1124 te
234 1076 365 1138 lapsorum
378 1076 490 1134 miseret,
506 1090 571 1137 quae
584 1089 692 1122 munera
704 1073 768 1122 Niso

88 1169 145 1214 355
159 1165 238 1226 digna
252 1164 342 1212 dabis?
360 1165 470 1227 primam
482 1164 563 1212 merui
577 1164 621 1226 qui
637 1164 711 1212 laude
725 1177 858 1221 eoronam,

157 1253 184 1299 ni
198 1267 239 1300 me
253 1268 318 1314 quae
332 1252 431 1301 Salium
444 1253 559 1299 Fortuna
571 1252 676 1300 inimica
689 1244 807 1300 tulisset.'

158 1347 183 1388 et
195 1341 271 1389 simul
284 1341 324 1389 his
338 1342 412 1389 dietis
426 1341 518 1389 faciem
532 1341 677 1389 ostentabat
690 1349 715 1389 et
727 1342 779 1388 udo

159 1429 244 1492 turpia
256 1430 372 1478 membra
384 1430 453 1477 fimo.
482 1431 538 1477 risit
550 1437 623 1492 pater
635 1431 747 1492 optimus
761 1431 806 1478 olli

158 1525 183 1565 et
196 1519 307 1580 elipeum
321 1519 404 1567 efferri
418 1519 500 1577 iussit,
516 1519 687 1580 Didymaonis
702 1519 772 1577 artis,

88 1611 139 1654 360
158 1606 271 1669 Neptuni
284 1622 357 1655 sacro
370 1607 469 1655 Danais
484 1609 515 1656 de
529 1615 601 1669 poste
614 1609 738 1666 refixum3

157 1695 208 1744 hoe
220 1696 338 1744 iuvenem
352 1697 483 1757 egregium
497 1698 637 1758 praestanti
651 1712 756 1745 munere
770 1698 859 1746 donat.

193 1785 256 1833 Post
268 1785 311 1832 ubi
326 1786 435 1833 confecti
450 1801 537 1832 cursus
551 1794 576 1833 et
589 1786 658 1832 dona
671 1786 778 1848 peregit,

155 1862 245 1931 ‘nuno‚
263 1873 326 1921 sieui
340 1875 418 1922 virtus
432 1875 584 1935 animusque
597 1875 623 1920 in
638 1882 741 1936 pectore
754 1889 885 1936 praesens,

159 1963 226 2011 adsit
239 1969 264 2009 et
277 1963 382 2011 evinctis
395 1965 497 2012 attollat
510 1963 631 2010 bracchia
644 1962 737 2024 palmis
748 1955 764 2008 :'

89 2057 139 2100 365
159 2053 196 2099 sie
210 2053 283 2100 nitet
295 2053 426 2114 geminum
439 2066 542 2114 pugnae
556 2051 677 2113 proponit
690 2051 824 2109 honorem,

158 2141 248 2188 victori
261 2143 374 2190 velatum
387 2156 450 2189 auro
464 2141 584 2201 vittisque
598 2141 741 2198 iuvencum,

159 2244 245 2277 ensem
259 2238 336 2292 atque
350 2230 477 2290 insignem
490 2230 592 2290 galeam
606 2229 704 2276 solacia
717 2227 793 2275 vieto.

159 2333 207 2366 nee
220 2334 301 2376 mora,
319 2319 442 2366 continuo
455 2318 532 2364 vastis
547 2332 605 2365 cum
619 2317 713 2364 viribus
728 2318 801 2364 eti'ert

159 2422 205 2455 ora
217 2406 299 2455 Dares
313 2420 460 2467 magnoque
473 2407 554 2452 virum
568 2421 595 2452 se
608 2421 737 2452 murmure
752 2407 828 2464 tollit,

89 2500 139 2544 370
159 2497 229 2543 solus
243 2496 286 2557 qui
300 2495 419 2542 Paridem
433 2496 522 2541 solitus
536 2495 690 2542 contendere
705 2504 795 2542 omma

158 2585 279 2646 idemque
297 2583 329 2631 ad
348 2584 474 2630 tumulum
493 2598 543 2644 quo
557 2585 685 2630 maximus
700 2584 810 2632 occultat
824 2585 888 2632 Hee-

460 2678 500 2720 tor
