1816 2956
111 184 172 234 438
348 194 375 233 r.
391 193 514 233 1111111111
533 191 664 233 nassum

179 350 317 399 Dardaniis
331 357 407 398 ornat
419 350 477 399 telis
491 350 654 413 clipeumque
667 349 795 412 iubasque

180 440 257 487 divini
271 440 411 489 adsimulat
423 440 524 503 eapitis,
542 439 586 488 dat
598 439 689 501 inania
699 437 788 498 verbe,

110 533 160 576 640
180 529 224 576 dat
236 528 291 576 sine
304 536 389 578 mente
403 543 495 576 sonum
508 542 663 590 gressusque
676 527 777 589 effingit
791 528 887 588 euntis,

178 624 260 666 morte
274 617 344 666 obita
357 618 440 681 qualis
454 617 524 666 fama
536 624 574 666 est
585 616 694 665 volitare
706 616 805 678 figuras

179 713 225 755 aut
237 721 303 769 quae
316 707 413 769 sopitos
428 706 554 754 deludunt
565 705 667 754 somnia
679 719 779 754 sensus.

179 801 205 843 at
218 795 314 858 primas
327 797 396 844 laeta
409 801 468 843 ante
482 795 550 843 aeies
564 795 662 843 exultet
674 794 762 856 imago

179 884 319 948 inritatque
331 884 414 931 virum
427 883 484 932 telis
499 890 524 932 et
536 898 598 933 voee
611 882 722 932 lacessit.

109 978 158 1022 645
178 974 257 1022 instat
269 973 310 1023 eui
323 972 426 1021 Turnus
440 972 641 1035 stridentemque
654 971 755 1020 eminus
768 971 876 1023 hastam

179 1062 290 1123 conicit3
311 1063 359 1111 iila
372 1063 433 1110 dato
446 1061 521 1110 vertit
532 1061 640 1123 vestigia
652 1066 734 1122 tergo.

178 1158 233 1199 tum
245 1166 306 1200 vero
319 1151 426 1200 Aenean
440 1165 557 1199 aversum
570 1156 598 1197 ut
611 1150 701 1199 cedere
713 1148 822 1199 Turnus

179 1240 288 1289 credidit
300 1246 377 1303 atque
391 1240 477 1289 animo
491 1254 563 1302 spem
576 1239 693 1287 turbidus
700 1238 790 1287 hausit
796 1240 894 1290 inanen

175 1319 238 1392 ‘quo
252 1328 329 1392 fugis,
344 1329 452 1378 Aenea?
471 1329 599 1377 thalamos
613 1343 646 1377 ne
659 1329 749 1377 desere
762 1337 875 1392 paet0s3

108 1422 160 1467 650
179 1418 229 1467 hae
243 1417 346 1466 dabitur
358 1419 450 1467 dextra
463 1419 539 1466 tellus
553 1417 670 1481 quaesita
681 1432 728 1480 per
741 1411 852 1468 undae.³

178 1507 241 1556 talia
253 1506 397 1555 vociferans
411 1507 526 1569 seqnitur
539 1508 706 1569 strictumque
719 1517 848 1559 coruscat

178 1610 337 1655 mueronem,
352 1610 400 1644 nee
413 1595 478 1645 ferre
491 1597 560 1645 videt
572 1611 619 1644 sua
631 1596 727 1657 gaudia
740 1605 847 1647 ventos.

178 1686 243 1734 ferte
256 1685 318 1733 ratis
332 1685 392 1733 celsi
407 1685 546 1734 coniuncta
559 1685 689 1748 crepidine
702 1685 760 1733 saxi

178 1775 302 1838 expositis
316 1774 401 1821 stabat
413 1775 489 1822 scalis
504 1782 528 1822 et
541 1781 619 1838 ponte
632 1780 733 1837 parato,

108 1870 158 1914 655
178 1880 230 1927 qua
243 1878 289 1912 rex
303 1861 417 1911 Clusinis
431 1864 551 1912 advectus
566 1862 669 1912 Osinius
684 1863 745 1910 oris.

178 1953 228 2001 hue
241 1966 296 2000 sese
310 1952 409 2015 trepida
422 1954 526 2000 Aeneae
539 1952 659 2014 fugientis
673 1951 762 2012 imago

178 2041 274 2091 conicit
285 2041 311 2087 in
327 2041 446 2098 latebras,
463 2056 510 2089 nec
523 2041 625 2088 Turnus
639 2040 744 2101 segnior
759 2041 849 2093 instat

177 2137 351 2192 exuperatque
365 2130 450 2177 moras
464 2137 489 2178 et
500 2138 591 2192 pontes
604 2129 715 2176 transilit
728 2130 812 2180 altos.

176 2219 219 2266 vix
233 2233 336 2282 proram
350 2219 483 2280 attigerat:
504 2219 599 2281 rumpit
612 2216 734 2267 Saturnia
748 2218 847 2272 irenem

107 2313 158 2357 660
178 2309 345 2369 avolsamque
358 2307 427 2370 rapit
439 2307 555 2354 revoluta
567 2321 612 2369 per
626 2320 740 2367 aequora
754 2323 864 2361 navem,

177 2404 231 2444 tum
245 2396 307 2445 levis
321 2396 390 2443 haud
404 2396 472 2443 ultra
485 2396 596 2443 latebras
608 2396 660 2442 iam
674 2396 777 2457 quaerit
792 2400 894 2465 imago,

177 2487 220 2534 sed
235 2486 345 2533 sublime
358 2484 446 2532 volans
460 2484 520 2531 nubi
536 2499 562 2531 se
576 2484 706 2531 inmiscuit
719 2492 808 2536 atrae.

177 2576 252 2623 illum
265 2582 351 2623 autem
363 2573 465 2621 Aeneas
481 2573 610 2621 absentem
623 2573 649 2619 in
664 2574 768 2633 proelia
781 2582 887 2639 posoit;

173 2666 252 2718 obvia
267 2664 447 2716 multavimus
459 2661 569 2711 demittit
579 2675 688 2724 eorpora
700 2661 794 2726 Morti,
874 2712 880 2722 ,
