1816 2956
104 189 164 237 tos
213 232 216 237 .
341 201 367 239 e.
384 200 506 240 verterer
526 201 656 241 retectus

171 357 329 419 spiramenta
342 357 426 405 linunt
438 356 549 420 fucoque
562 365 587 406 ct
599 358 704 406 floribus
718 373 775 406 ores

119 450 152 492 40
172 446 276 508 explent
289 446 478 509 collectumque
491 447 555 494 haee
567 446 625 509 ipsa
638 448 671 494 ed
684 462 792 496 munera
809 449 898 510 gluten

98 575 99 578 ,
172 541 197 582 et
209 534 278 583 visco
292 541 317 583 et
328 535 457 598 Phrygiae
470 542 572 583 servunt
584 536 639 598 pice
654 536 747 584 lentius
760 535 832 584 ldae.

171 638 248 686 saepe
262 624 339 672 etiam
353 623 460 682 effossis,
477 625 497 671 si
511 639 571 672 vera
584 632 622 672 est
634 624 712 683 fame,
728 625 834 673 latebris

171 711 218 759 sub
232 720 299 761 terre
311 711 397 761 fovere
409 713 499 771 larem,
514 713 667 776 penitusque
680 720 796 775 repertae

172 801 367 863 pumicibusque
380 802 447 849 cavis
462 816 605 864 exesaeque
618 802 716 850 arboris
731 812 814 850 antro.

119 893 151 936 45
171 895 200 936 tu
213 896 298 938 tamen
313 897 338 938 et
350 890 398 938 levi
412 891 508 938 rimosa
521 890 617 939 cubilia
630 890 692 938 limo

171 992 257 1040 ungue
270 978 357 1028 fovens
372 979 468 1028 circum
481 986 589 1028 etratus
603 979 748 1042 superinice
761 979 874 1028 frondes.

171 1082 221 1116 neu
233 1068 339 1130 propius
353 1069 426 1116 tectis
439 1075 528 1116 texum
541 1069 605 1127 siue,
622 1083 684 1116 neve
698 1068 811 1116 rubentis

171 1170 216 1204 ure
229 1155 288 1204 foco
301 1172 417 1217 cancros,
434 1158 501 1205 altae
515 1172 564 1206 neu
578 1158 653 1206 erede
666 1157 766 1220 paludi,

171 1251 216 1293 aut
228 1244 271 1292 ubi
285 1246 350 1294 odor
363 1246 435 1295 caeni
449 1246 533 1308 gravis
546 1252 591 1293 aut
603 1246 647 1293 ubi
661 1260 775 1295 concava
787 1248 863 1310 pulsu

119 1338 152 1381 50
171 1348 234 1382 saxa
247 1341 341 1382 sonant
352 1335 473 1398 vocisque
487 1334 586 1383 offensa
598 1335 705 1383 resultat
717 1335 814 1397 imago.

207 1421 282 1483 Quod
300 1430 429 1486 superest,
449 1423 493 1471 ubi
511 1425 613 1486 pulsem
626 1422 735 1472 hiemem
750 1424 790 1471 sol
806 1438 896 1472 aureus

471 1512 523 1574 egit

170 1600 216 1648 sub
230 1607 311 1648 terras
324 1601 477 1663 caelumque
490 1601 587 1650 aestiva
599 1602 656 1649 luce
669 1600 783 1659 reclusit,

170 1689 231 1738 illue
244 1690 367 1738 continuo
380 1690 460 1738 saltus
474 1690 602 1752 silvasque
619 1697 758 1752 peragrant

170 1793 364 1842 purpureosque
377 1785 476 1826 metunt
488 1779 563 1826 flores
577 1786 602 1826 et
615 1779 720 1826 flumina
733 1778 818 1826 libant

119 1873 150 1915 55
170 1882 271 1916 summa
283 1867 359 1916 leves.
390 1867 451 1916 hine
465 1868 552 1916 nescio
566 1883 618 1930 qua
631 1867 767 1915 dulcedine
780 1868 863 1915 laetae

170 1955 320 2019 progeniem
334 1956 461 2018 nidosque
473 1955 568 2014 fovent,
584 1956 645 2004 hinc
658 1963 712 2003 arte
725 1963 841 2003 recentes

171 2046 302 2095 excudunt
314 2060 385 2094 ceras
399 2052 424 2094 et
436 2045 515 2094 mella
529 2045 631 2093 tenacia
644 2045 753 2105 lingunt.

172 2135 232 2182 hinc
245 2134 289 2181 ubi
301 2135 354 2183 iam
367 2134 488 2182 emissum
501 2134 584 2182 caveis
598 2134 630 2181 ad
645 2133 731 2180 sideru
744 2133 810 2181 caeli

171 2238 232 2271 nere
245 2238 290 2286 per
303 2229 426 2271 aestatem
440 2222 565 2284 liquidam
578 2221 722 2284 suspexeris
735 2235 829 2283 agmen

119 2317 151 2360 60
171 2312 359 2374 obscuramque
372 2310 438 2358 trabi
451 2319 527 2359 vento
540 2311 666 2359 mirabere
680 2310 784 2368 nubem,

171 2401 373 2463 contemplator:
395 2415 476 2462 aquas
490 2400 578 2448 dulces
592 2407 617 2447 et
629 2399 738 2448 srondeu
751 2413 852 2461 semper

170 2498 238 2539 tecta
251 2495 349 2553 petunt.
377 2488 428 2536 huc
441 2495 468 2535 tu
481 2489 565 2536 iussos
579 2488 704 2550 adsperge
717 2502 832 2550 sapores,

171 2580 231 2628 trita
243 2578 408 2641 melisphylla
421 2584 446 2625 ct
458 2577 589 2626 cerinthae
601 2576 717 2639 ignobile
729 2590 847 2638 gromen,

166 2669 330 2734 tinnitusque
343 2667 382 2719 cie
395 2673 421 2716 et
432 2666 522 2716 Matris
536 2672 613 2734 quate
626 2664 745 2732 cymbala
758 2663 869 2714 circum:
