1816 2956
87 193 146 241 356
325 203 351 241 r.
368 201 490 241 vnaarnr
511 200 641 241 nunonis

155 365 279 407 sterneret
291 372 389 420 aequor
402 357 490 420 aquis,
504 372 575 406 remo
589 365 617 404 ut
630 359 761 426 luctamen
776 360 890 411 abesses

102 453 135 496 90
155 462 217 509 ergo
229 447 278 494 iter
289 446 420 508 inceptum
435 447 549 494 celerant
561 461 663 494 rumore
676 448 805 496 secundo.

155 536 250 585 labitur
262 543 341 584 uncta
352 535 424 582 vadis
437 534 507 582 abies
518 551 524 593 3
545 535 671 582 mirantur
684 541 708 582 et
721 535 821 596 undae,

154 624 262 672 miratur
274 637 364 671 nemus
376 623 506 671 insuetum
519 621 644 683 fulgentia
656 623 734 684 longe

155 719 228 761 scuta
240 713 323 759 virum
335 710 421 768 fluvio,
436 710 570 773 pictasque
583 711 673 758 innare
687 712 801 761 carinas.

156 801 201 850 olli
214 799 323 862 remigio
336 805 489 861 noctemque
503 799 624 860 diemque
635 798 747 860 fatigant

103 894 136 938 95
156 897 181 938 et
194 890 287 950 longos
300 894 423 950 superant
435 887 515 934 flexus
528 887 655 949 variisque
667 895 793 949 teguntur

156 977 289 1026 arboribus
303 976 442 1037 viridisque
454 982 542 1023 secant
554 975 658 1037 placido
670 990 786 1038 aequore
798 979 887 1028 silvas.

155 1067 195 1115 sol
209 1065 322 1114 medium
336 1065 400 1112 caeli
414 1064 599 1112 conscenderat
611 1064 702 1126 ignens
717 1065 819 1125 orbem,

156 1169 216 1203 oum
227 1167 314 1202 muros
328 1167 464 1214 arcemque
477 1152 568 1214 procul
582 1168 612 1200 ac
625 1167 684 1201 rara
697 1154 839 1204 domorum

155 1248 222 1291 tecta
234 1242 330 1300 vident,
346 1255 412 1304 qnae
425 1255 494 1288 nunc
507 1241 625 1290 Romana
637 1242 754 1304 potentia
768 1245 847 1293 caelo

86 1335 135 1379 100
155 1331 283 1393 aequavit,
298 1336 351 1376 tum
365 1344 405 1378 res
417 1329 507 1391 inopes
520 1329 656 1377 Euandrus
670 1330 793 1380 habebat.
820 1366 824 1371 -
859 1317 864 1325 ’

155 1420 226 1467 ocius
240 1419 375 1466 advertunt
386 1432 476 1480 proras
489 1419 598 1480 urbique
611 1419 800 1482 propinquant.

189 1507 266 1555 Forte
280 1507 321 1554 die
334 1507 486 1555 sollemnem
498 1507 546 1554 illo
559 1523 605 1556 rex
617 1509 699 1556 Arcas
714 1508 847 1559 honorem

154 1595 404 1659 Amphitryoniadae
415 1609 512 1656 magno
526 1596 641 1658 divisque
654 1596 753 1644 ferebat

155 1691 214 1733 ante
227 1684 317 1732 urbem
328 1683 355 1730 in
368 1684 437 1731 luco.
464 1683 551 1732 Pallas
565 1684 625 1733 huic
638 1685 706 1733 lilius
720 1700 784 1745 una,

85 1776 134 1821 105
154 1788 206 1820 una
219 1786 307 1820 omnes
320 1773 441 1820 iuvenum
454 1772 530 1834 primi
544 1788 693 1836 pauperque
706 1784 817 1826 senatus

154 1867 212 1907 tura
225 1860 322 1908 dabant
334 1861 487 1923 tepidusque
501 1876 576 1908 cruor
589 1861 704 1910 fumabat
717 1865 749 1911 ad
766 1881 837 1918 aras.

154 1958 182 1996 ut
195 1949 276 1997 celsas
289 1950 376 1998 videre
389 1957 455 1998 rates
469 1957 546 2012 atque
560 1950 625 1998 inter
638 1965 749 2012 opacum

154 2037 241 2084 adlabi
255 2052 344 2085 nemus
358 2046 383 2086 ct
395 2039 478 2087 tacitis
492 2039 639 2087 incumbere
652 2041 738 2100 remis,

154 2132 282 2174 terrentur
293 2127 349 2174 visu
362 2128 446 2175 subito
461 2129 597 2190 cunctique
610 2128 706 2176 relictis

86 2218 134 2261 llo
155 2223 312 2275 consurgunt
325 2216 428 2262 mensis.
457 2217 543 2263 audax
556 2232 620 2279 quos
634 2233 753 2280 rumpere
767 2221 860 2273 Pallas

153 2316 227 2350 sacra
239 2309 307 2350 vetat
320 2310 446 2364 raptoque
459 2305 529 2352 volat
541 2307 592 2353 telo
607 2305 695 2353 obrius
709 2307 766 2370 ipse

154 2399 179 2438 et
190 2391 281 2453 procul
295 2405 308 2438 e
321 2392 420 2439 tumulo
431 2381 554 2452 ‘iuvenca
571 2410 637 2457 quae
650 2410 729 2443 causa
741 2399 852 2464 subegit

143 2480 253 2545 ignotas
268 2487 396 2548 temptare
408 2481 480 2532 viasl
502 2497 553 2546 quo
564 2476 690 2530 tenditis?
708 2484 807 2547 inquit.

134 2573 192 2640 ‘qui
209 2577 321 2641 genus?
347 2577 424 2628 unde
441 2574 540 2625 domol
566 2583 695 2635 pacemne
703 2570 762 2615 *nus
774 2572 850 2620 lesus
863 2593 898 2623 aa

476 2652 579 2718 arnnal'
