1816 2956
273 201 418 241 AENEIDOS
440 201 528 240 tunm
545 202 587 240 rx.
768 190 830 237 tte

103 359 215 408 Gnosius
229 367 306 421 etque
320 358 434 406 hahilem
447 357 540 421 vagina
553 365 654 420 aptarat
667 358 773 406 eburna.

102 449 147 497 dut
159 449 221 497 Niso
234 448 382 496 Mnestheus
396 447 491 509 pellem
504 446 684 509 horrentisque
697 447 780 495 leonis

49 543 80 586 05
102 538 216 594 exuvias,
231 537 333 598 galeam
347 536 412 583 fidus
426 541 554 598 permutet
565 535 664 583 Aletes.

102 626 219 688 protinus
233 626 325 674 ermati
338 625 477 682 incedunt3
499 637 563 685 quos
577 625 661 672 omnis
674 623 759 672 euntis

102 716 244 778 primorum
250 729 342 762 munus
351 714 383 761 ad
391 720 487 776 portes,
496 712 669 775 iuvenumque
677 727 831 774 senumque,

101 803 266 867 prosequitur
278 802 352 850 votis.
381 815 429 849 nee
442 815 494 848 non
508 809 534 849 et
545 801 654 864 pulcher
665 801 745 859 Iulus,

102 901 162 940 ente
175 904 258 939 annos
272 891 438 951 animumque
451 903 542 950 gerens
556 903 695 951 eurumque
707 888 819 947 virilem,

54 986 82 1028 10
101 981 184 1028 multa
196 979 263 1043 putri
275 979 399 1026 mundate
410 977 490 1026 debet
502 978 644 1040 portende:
659 978 704 1026 sed
719 991 796 1025 surae

103 1069 191 1117 omnia
203 1069 352 1130 discerpunt
365 1074 389 1115 et
401 1065 513 1113 nubibus
525 1067 603 1114 inrita
616 1067 723 1113 donant.

137 1156 240 1218 Egressi
253 1163 376 1218 superent
388 1156 470 1202 sesses
484 1155 619 1217 noctisque
631 1169 677 1217 per
690 1153 807 1202 umbram

103 1252 186 1294 eustru
199 1245 305 1293 inimice
317 1251 416 1307 petunt,
432 1243 519 1291 multis
533 1250 619 1291 tamen
632 1251 692 1291 unte
704 1243 783 1290 futiri

103 1334 191 1382 exitio.
220 1334 317 1396 passim
330 1346 422 1380 somno
435 1332 546 1395 vinoque
560 1346 605 1401 per
617 1331 724 1380 herbum

52 1428 80 1470 15
102 1437 212 1485 corpore
224 1422 282 1471 lusa
293 1422 393 1480 vident,
410 1428 522 1469 errectos
536 1421 610 1469 litore
624 1435 722 1479 currus,

102 1512 169 1560 inter
182 1513 238 1559 loru
250 1519 372 1574 rotasque
386 1511 461 1569 viros,
477 1509 554 1557 simul
567 1524 640 1556 erma
652 1509 745 1566 iecere,

101 1601 161 1647 vina
174 1601 259 1647 simul.
287 1600 358 1661 prior
371 1598 523 1660 Hyrtacides
536 1599 574 1647 sie
587 1612 632 1646 ore
645 1599 756 1646 loeutrss.

97 1678 229 1750 ‘Euryale
245 1688 393 1735 audendum
406 1688 513 1746 dextre3
527 1701 596 1734 nune
609 1686 666 1748 ipse
679 1693 754 1734 voest
766 1699 817 1733 res.

102 1777 150 1823 hee
163 1777 211 1824 iter
224 1783 270 1824 est.
298 1783 326 1823 tu
339 1789 425 1837 neque
437 1790 529 1823 munus
543 1789 570 1823 se
584 1775 702 1822 attollere
715 1773 789 1821 nobis

49 1869 81 1910 20
101 1878 116 1909 a
129 1871 202 1924 tergo
216 1864 297 1925 possit
310 1864 409 1912 custodi
423 1872 448 1911 et
461 1864 567 1912 consule
580 1864 674 1924 longe3

100 1951 164 1998 haee
177 1965 226 2012 ego
239 1959 311 1999 vaste
323 1950 391 1999 daho
405 1958 431 1998 et
442 1952 496 1999 leto
508 1958 534 1999 te
547 1951 629 1999 limite
642 1941 754 2000 dueum.³

101 2041 137 2088 sie
150 2046 276 2088 memoret
288 2053 428 2101 vocemque
442 2040 549 2101 premit3
568 2039 646 2087 simul
665 2053 724 2088 ense
742 2054 831 2101 super-

402 2127 463 2175 hum

99 2217 270 2266 Rhamnetem
283 2216 441 2278 adgreditur,
458 2217 501 2279 qui
515 2216 580 2264 forte
594 2216 721 2279 tapetibus
735 2217 793 2264 eltis

100 2314 230 2354 extructus
243 2313 298 2354 toto
311 2305 438 2368 proflabat
450 2313 555 2368 pectore
567 2319 695 2363 somnum,

49 2400 78 2442 25
99 2409 144 2443 rex
158 2395 227 2443 idem
240 2405 265 2443 et
277 2395 331 2456 regi
345 2394 434 2441 Turno
447 2394 607 2456 gratissimus
621 2407 720 2454 augum

99 2485 142 2532 sed
156 2498 209 2531 non
223 2484 333 2545 augurio
347 2482 431 2544 potuit
443 2482 571 2544 depellere
583 2489 690 2543 pestem.

99 2572 143 2619 tris
157 2573 230 2619 iuxta
243 2571 354 2619 famulos
368 2578 462 2618 temere
475 2571 541 2618 inter
554 2570 607 2618 tela
619 2569 727 2618 iacentis

98 2661 306 2722 armigerumque
318 2659 392 2707 Remi
406 2658 499 2721 premit
511 2659 685 2719 aurigamque
695 2657 747 2703 suh
756 2657 830 2713 'xqs‘xs
