1816 2956
251 215 400 256 Anunsnos
419 216 507 255 uranu
523 216 552 254 v.
738 204 796 252 26⁷

74 379 164 436 etqua
177 373 280 420 servetis
293 380 440 421 revocatum
453 387 468 420 a
481 379 562 420 morte
575 363 692 419 Dareta?

76 462 142 509 dixit
154 469 179 509 et
192 462 290 510 adversi
305 469 394 510 contra
407 461 476 509 stetit
487 476 534 508 ora
546 461 655 518 iuvenci,

74 550 119 614 qui
132 551 230 598 donum
244 550 362 598 adstabat
374 564 485 612 pugnae,
502 551 630 612 durosque
643 550 749 599 reducta

73 640 177 688 libravit
190 641 280 688 dextra
293 639 379 687 media
390 639 457 686 inter
471 653 567 686 cornua
581 647 690 698 caestus,

27 732 56 777 30
75 730 179 786 arduos,
195 729 352 791 effractoque
366 727 446 776 inlisit
458 728 485 774 in
499 741 558 774 ossa
571 727 684 775 cerebro.

74 818 196 866 sternitur
220 818 397 879 exanimisque
422 824 533 864 tremens
557 816 705 878 procumbit
729 816 799 864 humi

375 905 430 953 bos.

73 995 119 1044 ille
132 1009 209 1057 snper
222 996 280 1043 tuiis
294 995 403 1042 effundit
416 1001 519 1056 pectore
532 1008 616 1054 voces,

71 1073 152 1132 ‘hanc
171 1084 232 1143 tibi,
260 1084 344 1146 Eryx,
369 1084 502 1131 meliorem
521 1083 635 1131 animam
653 1098 699 1145 pro
719 1091 801 1132 morte

374 1171 478 1220 Daretis
654 1161 655 1164 Ἴ

74 1263 209 1326 persolv03
230 1262 271 1309 hie
285 1261 365 1309 victor
378 1268 477 1309 caestus
491 1270 623 1324 artemque
636 1254 755 1325 repono.'

27 1356 55 1400 35
110 1351 231 1399 Protinus
245 1353 346 1398 Aeneas
361 1350 436 1398 celeri
451 1357 548 1398 certare
562 1353 655 1412 sagitta

74 1440 165 1488 invitat
178 1441 222 1502 qui
235 1441 300 1487 forte
313 1440 392 1487 velint
405 1446 430 1487 ct
441 1440 556 1500 praemis
568 1442 642 1502 ponit

74 1529 226 1593 ingentique
238 1543 317 1576 manu
330 1529 427 1576 maium
441 1529 472 1577 de
486 1543 549 1577 nave
563 1529 657 1577 Seresti

74 1618 150 1680 erigit
163 1625 188 1666 et
200 1618 331 1666 volucrem
344 1619 449 1666 traiecto
464 1618 490 1664 in
504 1618 564 1665 fune
578 1619 732 1678 columbam,

74 1721 127 1769 quo
140 1707 247 1754 tendant
260 1706 364 1765 ferrum,
380 1707 449 1754 maio
463 1707 597 1768 suspendit
610 1707 641 1754 ab
655 1708 717 1754 ait0.

27 1801 57 1844 90
76 1809 217 1844 convenere
230 1796 275 1842 viri
290 1795 467 1856 deiectamque
481 1810 556 1843 aerea
569 1803 664 1844 sortem

75 1885 175 1946 accepit
187 1886 263 1943 galea
276 1893 301 1932 et
315 1884 411 1946 primus
425 1885 537 1932 clamore
550 1886 664 1933 secundo

76 1973 229 2034 Hyrtacidae
244 1980 302 2020 ante
316 1973 399 2019 omnis
413 1975 465 2020 exit
479 1975 550 2021 iocus
566 1975 761 2037 Hippocoontis.

75 2076 151 2123 quern
165 2062 242 2108 modo
258 2062 341 2110 navali
356 2062 504 2110 Mnestheus
519 2063 659 2112 certamine
671 2065 752 2112 victor

75 2151 249 2212 consequitur,
265 2151 339 2197 viridi
352 2151 501 2199 Mnestheus
515 2153 629 2201 evinctus
644 2154 720 2202 oliva.

27 2243 54 2287 35
73 2239 163 2286 tertius
176 2240 310 2301 Eurytion,
326 2247 383 2287 tuos
397 2254 412 2286 o
427 2241 567 2289 clarissime
581 2242 659 2290 i'rater

74 2328 201 2387 Pandare,
218 2329 261 2390 qui
275 2329 416 2391 quondam,
432 2330 514 2377 iussus
529 2331 685 2380 confundere
700 2332 798 2389 foedus,

74 2416 100 2463 in
114 2418 213 2465 medios
227 2419 307 2464 telum
320 2418 415 2464 torsisti
429 2419 525 2480 primns
539 2421 661 2468 Achivos.

74 2511 203 2554 extremus
216 2507 343 2568 ganeaque
357 2506 409 2553 ima
422 2508 536 2556 subsedit
547 2509 663 2567 Acestes,

74 2609 151 2642 ausus
166 2603 191 2642 et
203 2595 258 2656 ipse
270 2609 348 2642 manu
362 2596 483 2643 iuvenum
496 2603 621 2659 temptare
633 2597 758 2646 laborem.

27 2688 54 2730 J0
74 2690 128 2731 tum
142 2683 232 2733 validis
246 2684 325 2732 flexos
339 2684 477 2735 incurvant
489 2685 591 2735 virinus
603 2700 686 2736 ancus

787 2764 817 2793 ..Ι
