1816 2956
75 199 133 248 102
311 207 337 247 Ρ.
354 205 475 246 vunnlnr
494 203 625 245 structus

141 379 228 413 rursus
241 362 390 413 abundabat
401 362 495 413 fluidus
508 362 595 424 liquor
606 362 746 424 omniaque
757 363 785 410 in
798 377 826 411 se

71 459 121 503 485
142 469 201 502 ossa
213 444 361 502 minutatim
372 451 464 500 morbo
478 451 603 514 conlapsa
615 451 741 500 trahebat.

141 557 218 606 saepe
229 543 257 590 in
268 541 368 590 honore
379 541 456 590 deum
467 540 553 588 medio
565 547 635 588 stans
646 539 733 588 hostia
743 540 776 588 ad
785 554 865 598 aram,

141 633 218 681 lanes
230 631 292 678 dum
304 631 379 679 nives
391 630 564 678 circumdatur
576 628 660 677 infula
671 629 742 687 vitta

141 721 207 768 inter
220 720 364 768 cunctantis
378 718 470 767 cecidit
482 717 638 765 moribunda
650 717 789 765 ministros.

140 816 186 858 ant
198 809 300 872 siquam
312 808 380 857 ferro
393 812 550 856 mactaverat
563 813 622 854 ante
635 806 764 864 sacerdos,

70 903 121 946 490
140 898 200 946 inde
215 908 299 960 neque
312 896 431 959 inpositis
444 895 535 944 ardent
548 895 641 943 altaria
656 895 725 942 fibris

139 1002 188 1036 nec
200 998 325 1049 responsa
337 991 422 1048 potest
435 985 567 1033 consultus
580 984 687 1033 reddere
699 989 769 1032 vates

140 1092 170 1125 ac
183 1076 226 1124 vix
239 1073 364 1137 suppositi
378 1073 531 1134 tinguuntur
543 1073 668 1134 sanguiue
685 1071 761 1120 cultri

140 1177 291 1226 summaque
304 1162 391 1210 ieiuna
403 1161 475 1210 sanic
488 1161 631 1210 infuscatur
643 1161 749 1209 harena.

141 1253 202 1300 hinc
214 1252 289 1301 laetis
302 1249 375 1298 vinuli
388 1251 465 1312 volgo
479 1250 624 1298 moriuntur
636 1251 663 1297 in
678 1249 761 1298 herbis

69 1347 119 1390 495
140 1349 166 1391 et
178 1341 261 1388 dulcis
275 1339 374 1387 animas
387 1340 465 1402 plena
478 1340 510 1387 ad
524 1339 659 1402 praesepia
670 1339 790 1396 reddunt,

139 1429 200 1478 hino
214 1427 321 1477 canibus
334 1427 436 1476 blandis
450 1428 534 1476 rabies
547 1428 616 1476 venit
634 1435 659 1475 et
676 1427 759 1490 quatit
777 1441 867 1488 aegros

139 1518 215 1566 tussis
229 1516 325 1565 anhela
337 1531 395 1564 sues
409 1531 439 1564 ac
452 1516 569 1565 faucibus
582 1517 654 1578 angit
667 1516 760 1565 obesis.

139 1607 234 1656 labitur
247 1604 338 1654 infelix
351 1605 495 1653 studiorum
509 1612 586 1667 atque
599 1605 726 1653 inmemor
739 1603 833 1652 herbae

139 1697 220 1744 victor
233 1709 293 1745 ecus
306 1694 441 1757 fontesque
455 1693 576 1742 avertitur
588 1701 613 1742 et
626 1695 691 1756 pede
704 1701 799 1742 terram

70 1791 120 1833 500
140 1785 229 1834 crebra
242 1784 315 1843 ferit3
337 1783 463 1832 demissae
476 1798 559 1842 aines,
575 1783 687 1831 incertus
701 1782 797 1829 ibidem

139 1874 218 1922 sudor
232 1880 257 1921 et
268 1872 314 1920 ille
328 1872 433 1934 quidem
446 1871 576 1919 morituris
590 1871 709 1933 frigidus,
725 1878 779 1919 aret

139 1962 215 2025 pellis
228 1968 254 2009 et
267 1961 299 2008 ud
312 1967 409 2008 tactum
421 1961 542 2008 tractanti
556 1961 621 2008 dura
632 1959 735 2007 resistit.

139 2052 203 2099 haec
217 2029 276 2098 ante
289 2049 396 2097 exitium
410 2049 499 2111 primis
513 2049 576 2097 dant
588 2049 663 2110 signa
677 2047 782 2106 diebus3

139 2141 178 2186 sin
192 2139 219 2185 in
231 2152 354 2202 processu
368 2139 453 2200 coepit
466 2139 615 2186 crudescere
628 2136 741 2192 morbus,

70 2234 118 2276 505
139 2234 193 2275 tum
206 2241 266 2275 vero
280 2226 399 2274 ardentes
414 2227 483 2274 oculi
497 2234 573 2288 atque
588 2233 710 2274 stractus
725 2223 757 2272 ab
771 2224 826 2272 alto

138 2315 250 2378 spiritus,
267 2315 396 2363 interdum
408 2315 506 2376 gemitu
519 2314 613 2376 gravis,
628 2314 732 2375 imaque
746 2313 827 2373 longo

139 2404 186 2451 ilia
198 2404 314 2465 singultu
328 2404 445 2463 tendunt,
460 2404 481 2450 it
493 2403 598 2451 naribus
612 2408 666 2450 ater

139 2491 244 2554 sanguis
258 2498 283 2539 et
296 2491 413 2540 obsessas
426 2492 513 2540 fauces
526 2492 619 2554 premit
631 2505 723 2553 aspera
736 2489 835 2551 lingua.

138 2579 236 2643 profuit
248 2581 344 2629 inserto
358 2580 447 2629 latices
460 2580 596 2629 infundere
610 2593 690 2628 cornu

54 2671 112 2714 510
127 2667 270 2729 Lenaeos;
290 2683 323 2719 ea
336 2669 391 2718 risa
404 2670 475 2719 salus
487 2667 656 2717 morientibus
670 2681 735 2715 uua:
