1816 2956
392 190 478 231 clnls.
771 183 829 229 551

105 347 172 396 hanc
184 361 231 410 pro
244 361 374 410 purpureo
387 361 498 409 poenam
511 349 635 397 scelerata
649 348 755 410 capi110‚

106 451 153 499 pro
166 436 250 499 patria
262 438 371 495 solvens,
388 437 475 485 excisa
487 443 512 485 et
524 437 639 483 funditus
654 436 725 484 urbe.

106 527 251 587 complures
263 525 337 574 illam
349 532 375 573 et
387 525 485 587 magni,
500 525 632 582 Messalla,
648 532 740 586 poetae

54 618 85 662 55
107 611 181 675 (nam
193 627 280 662 verum
293 614 432 662 fateamur:
448 621 519 662 amat
530 613 702 676 Polyhymnia
715 612 814 677 verum)

107 701 186 764 louge
198 702 250 751 alia
263 703 399 765 perhibent
411 708 537 750 mutatam
550 701 666 750 membra
679 702 761 763 ligura

107 788 255 852 Scyllaeum
267 798 382 838 monstro
395 805 487 838 saxum
499 791 621 838 infestare
633 790 719 838 voraci
729 806 735 849 ;

106 878 180 926 illam
192 892 248 927 esse
261 880 390 927 aerumnis
404 894 572 942 quamsaepe
589 880 705 940 legamus
719 877 798 937 Ulixi,

108 967 219 1015 candida
236 968 395 1016 succinctam
412 968 565 1016 latrantibus
583 966 691 1028 inguina
704 967 834 1024 monstris,

55 1060 88 1105 60
106 1056 242 1105 Dulichias
256 1071 362 1105 vexasse
375 1064 443 1105 rates
456 1063 481 1104 et
494 1056 595 1118 gurgite
608 1056 634 1102 in
649 1056 701 1103 alto

108 1144 248 1208 deprensos
261 1153 352 1193 nautas
366 1146 472 1194 canibus
486 1145 613 1193 lacerasse
626 1144 741 1191 marinis.

107 1232 153 1280 sed
166 1246 250 1295 neque
262 1233 399 1281 Maeoniae
413 1234 545 1296 patiuntur
558 1233 660 1281 credere
674 1233 778 1281 chartae

107 1334 156 1369 nec
168 1322 251 1369 malus
265 1322 373 1369 istorum
386 1322 470 1370 dubiis
483 1321 611 1369 erroribus
626 1328 723 1369 auctor.

108 1422 221 1471 namque
234 1411 298 1458 alias
313 1411 357 1458 alii
372 1411 450 1471 vulgo
464 1410 560 1457 finxere
573 1410 674 1470 puellas

55 1501 88 1547 65
109 1512 177 1560 qnae
190 1494 387 1561 Colophoniaco
401 1498 504 1561 Scyllae
518 1497 637 1545 dicantur
651 1497 772 1547 Homero.

108 1586 164 1648 ipse
178 1581 299 1636 Crataein
313 1588 350 1634 ait
361 1597 484 1635 matrem:
505 1587 549 1634 sed
563 1586 615 1633 sive
629 1584 746 1634 Cretaeis

108 1675 161 1723 sive
174 1674 247 1724 illam
259 1676 349 1737 genuit
361 1683 505 1723 monstrum
513 1674 715 1736 graveEchidna
721 1675 837 1723 biformis

107 1762 161 1811 sive
174 1770 212 1812 est
225 1772 315 1813 neutra
327 1778 420 1826 parens
434 1772 511 1826 atque
524 1763 614 1810 hocin
628 1764 741 1812 carmine
754 1771 808 1811 toto

107 1851 222 1913 inguinis
235 1861 274 1901 est
286 1853 375 1900 vitium
388 1859 413 1900 et
425 1852 534 1900 Veneris
548 1852 677 1914 descripta
689 1851 779 1911 libido,

56 1944 89 1990 to
108 1938 161 1989 sive
174 1940 252 1989 etiam
265 1942 338 1990 iactis
351 1942 464 2003 speciem
477 1947 575 1988 mutata
588 1940 692 1988 venenis

108 2026 200 2078 infelix
211 2027 283 2091 virgo
297 2029 370 2091 (quid
386 2031 455 2078 enim
468 2029 632 2077 commiserat
644 2028 708 2077 illul

108 2117 163 2180 ipse
175 2123 248 2179 pater
261 2118 377 2165 timidam
391 2119 460 2166 sicca
473 2119 624 2180 complexus
638 2131 716 2165 arena

109 2207 261 2267 coniugium
274 2221 348 2254 carae
363 2207 502 2255 violaverat
514 2206 684 2268 Amphitrites
695 2222 701 2265 3

108 2300 222 2344 attamen
236 2295 322 2355 exegit
334 2295 413 2356 longo
427 2302 485 2357 post
497 2302 612 2357 tempore
625 2308 731 2356 poenas,

57 2386 89 2432 75
109 2390 146 2442 ut,
162 2398 220 2431 cnm
235 2399 296 2430 cura
308 2384 347 2429 sui
361 2383 495 2432 veheretur
508 2383 626 2444 coniugis
639 2383 701 2439 alto,

108 2472 165 2534 ipsa
178 2478 276 2520 trucem
288 2473 370 2520 multo
384 2473 503 2519 misceret
515 2471 641 2531 sanguine
655 2469 784 2532 pontum),

108 2575 154 2609 seu
167 2573 236 2619 vero,
252 2567 280 2608 ut
293 2560 435 2622 perhibent,
456 2559 539 2607 forma
553 2574 611 2606 cum
624 2559 736 2607 vinceret
747 2573 838 2606 omnes

108 2655 134 2698 et
146 2649 254 2712 cupidos
267 2657 376 2711 quaestu
390 2648 485 2712 passim
498 2648 637 2711 popularet
648 2653 773 2706 amantes,

799 2734 868 2782 Δ
