1816 2956
82 170 142 218 398
320 179 346 219 r.
363 179 484 218 vanam
504 177 636 218 annonis

150 344 250 385 tantum
263 336 392 384 infelicem
405 336 515 382 nimium
528 335 619 384 dilexit
632 327 766 385 amicum.³

150 425 213 474 talia
226 424 295 472 dicta
308 424 395 483 dabat,
411 425 455 472 sed
469 424 564 471 viribus
578 424 645 472 ensis
658 425 770 473 adactus

80 519 131 561 430
151 513 285 561 transabiit
298 522 382 561 costas
396 523 421 561 et
434 513 545 561 candida
558 521 665 575 pectora
677 514 786 576 rumpit.

149 603 259 651 volvitur
271 603 398 664 Euryalus
413 602 464 649 leto
477 601 651 664 pulchrosque
664 615 712 663 per
724 610 797 651 artus

151 691 267 749 iterum,
283 692 362 753 inque
375 704 477 738 umeros
490 691 575 738 cervix
588 690 713 752 conlapsa
725 692 866 741 recumbit:

151 795 293 844 purpureus
306 780 384 828 veluti
398 793 457 827 oum
469 779 516 826 flos
529 779 643 827 succisus
655 786 745 827 aratro

151 869 295 930 languescit
308 868 429 926 moriens,
445 867 545 915 lassove
557 882 686 930 papavera
699 869 772 918 collo

80 963 129 1005 435
151 958 276 1006 demisere
288 964 374 1019 capnt,
390 956 477 1018 pluvia
490 970 548 1003 cum
563 955 627 1004 sorte
639 968 792 1017 gravantur.

150 1055 176 1095 at
188 1046 265 1094 Nisus
278 1046 328 1093 ruit
341 1046 367 1092 in
381 1045 489 1102 medios,
505 1044 641 1107 solumque
653 1060 700 1108 per
713 1048 801 1096 omnis
865 1070 870 1085 ·

150 1135 315 1182 Volscentem
328 1135 400 1196 petit,
416 1134 442 1180 in
456 1134 512 1180 solo
526 1133 665 1182 Volscente
682 1144 810 1184 moratur.

150 1238 227 1285 quem
240 1223 336 1271 circum
349 1222 486 1284 glomerati
499 1221 585 1269 hostes
604 1221 665 1270 hinc
685 1225 833 1273 comminus
847 1233 878 1272 at·

452 1325 501 1372 que
515 1309 576 1358 hinc
673 1314 677 1321 '

149 1400 310 1463 proturbant.
338 1400 416 1447 instat
429 1413 481 1445 non
495 1399 573 1446 setius
587 1413 616 1447 ac
630 1407 699 1447 rotat
712 1414 805 1451 ensem

79 1495 130 1537 440
150 1489 311 1546 fulmineum,
328 1489 410 1535 donec
423 1487 511 1534 Rutuli
526 1488 661 1536 clamantis
675 1489 702 1535 in
717 1504 764 1539 ore

149 1578 265 1625 condidit
278 1577 384 1624 adverso
398 1584 423 1623 et
435 1576 547 1624 moriens
562 1577 676 1624 animam
685 1577 798 1628 abstulit
804 1580 875 1628 hosti.

149 1676 203 1713 turn
216 1680 293 1728 super
306 1665 454 1713 exanimum
468 1679 522 1712 sese
534 1664 643 1727 proiecit
659 1666 777 1715 amicum

150 1755 283 1802 conl'ossus
297 1754 451 1816 placidaque
465 1753 500 1800 ibi
515 1755 617 1802 demum
631 1762 714 1802 morte
728 1757 839 1817 quievit.

184 1843 318 1890 Fortunati
333 1842 424 1889 ambo!
445 1842 530 1904 siquid
544 1857 602 1889 mea
615 1843 733 1890 carmina
748 1855 867 1906 possunt,

79 1937 128 1979 445
148 1932 222 1979 nulla
235 1931 288 1978 dies
304 1946 426 1992 umquam
439 1932 546 1978 memori
560 1945 604 1977 vos
618 1931 714 1978 eximet
727 1946 805 1992 acvo,

149 2022 210 2067 (lum
224 2020 314 2067 domus
328 2020 433 2067 Aeneae
448 2017 561 2081 Capitoli
574 2019 697 2066 inmobile
711 2034 808 2070 saxum

149 2109 248 2158 accolet
261 2109 448 2170 imperiumque
462 2115 534 2170 pater
547 2108 678 2155 Romanus
692 2108 812 2159 habebit.

184 2197 301 2244 Victores
313 2198 410 2259 praeda
422 2197 511 2244 Rutuli
525 2196 667 2259 spoliisque
679 2197 756 2257 potiti

149 2286 315 2334 Volscentem
329 2287 477 2334 exanimum
491 2285 579 2332 flentes
593 2285 620 2331 in
634 2292 718 2333 castra
731 2286 864 2337 serebant.

78 2381 129 2424 450
150 2390 196 2423 nec
210 2376 294 2423 minor
307 2376 333 2422 in
348 2375 437 2422 castris
450 2375 534 2421 luctus
547 2373 690 2421 Rhamnete
705 2386 811 2437 reperto

147 2464 260 2528 exangui
275 2473 301 2513 et
313 2463 402 2528 primis
415 2477 466 2509 una
480 2471 516 2509 tot
530 2463 609 2510 caede
622 2464 772 2524 peremptis,

138 2557 315 2623 Serranoque
328 2553 480 2615 Numaque.
504 2551 600 2610 ingens
611 2563 748 2595 concursus
759 2555 795 2598 ad
805 2555 865 2613 ipsa

131 2668 260 2720 corpora
276 2646 482 2706 seminecisque
494 2640 567 2686 sima
578 2633 723 2693 tepidaque
732 2642 868 2678 mmm

41 2692 86 2761 Ι
