1816 2956
309 193 457 238 AENEIDOS
472 194 560 232 LIBER
576 195 619 233 xl.
801 188 816 232 4
824 187 838 232 6
846 186 864 232 3

135 348 293 397 Danlaniclis
308 350 409 410 dicique
422 350 503 407 iubes,
519 365 608 407 unum,
625 351 720 412 optime
733 366 832 412 regum,

136 438 242 495 adicias,
259 452 306 485 nec
320 448 343 485 te
357 438 434 485 ullius
448 439 571 485 violentia
585 438 670 486 vincat

64 530 116 572 355
137 526 199 586 quin
213 532 301 572 natam
315 528 418 588 egregio
433 541 527 588 genero
542 527 679 590 dignisque
692 528 841 590 hymenaeis

136 614 190 672 dee,
206 621 292 676 patcr,
313 623 337 662 et
350 629 440 676 pacem
453 615 520 663 hanc
533 622 638 662 aeterno
651 615 754 664 foedere
767 617 864 664 firmes.

136 704 205 764 quod
219 704 240 749 si
254 710 339 750 tantus
354 703 430 751 habet
443 711 540 751 mentes
554 711 579 751 et
591 710 696 766 pectora
708 712 799 764 terror,

135 792 220 853 ipsum
233 792 389 840 obtestemur
401 793 553 855 veniamque
566 806 667 840 oremus
681 792 713 840 ab
727 793 800 855 ips03

135 880 218 937 cedat,
234 880 272 927 ius
286 881 418 942 proprium
432 881 486 941 regi
500 881 650 942 patriaeque
662 882 783 930 remittat.

63 971 115 1015 360
135 967 196 1028 quid
210 969 316 1016 miseros
331 969 424 1015 totiens
437 969 463 1015 in
477 977 566 1030 aperta
579 969 694 1030 pericula
707 969 774 1018 cives

134 1056 237 1116 proicis,
254 1071 269 1103 o
282 1056 357 1104 Latio
371 1063 449 1118 caput
461 1056 553 1103 horum
567 1064 592 1104 et
604 1072 682 1105 causa
696 1058 843 1106 maloram?

135 1144 207 1192 nulla
220 1145 289 1192 salus
303 1144 381 1202 bello,
397 1159 488 1206 pacem
502 1145 668 1207 tepescimus
683 1159 780 1204 omnes,

134 1232 230 1291 Turne,
246 1233 321 1280 simul
334 1233 405 1294 pacis
419 1233 503 1281 solum
515 1233 665 1281 inviolabile
678 1233 780 1295 pignus.

133 1320 230 1382 primus
245 1334 302 1381 ego,
318 1321 427 1368 invisum
441 1336 517 1383 quem
531 1328 557 1368 tu
571 1322 616 1369 tibi
629 1322 715 1383 fingis,
730 1329 756 1370 et
768 1335 824 1370 esse

62 1413 113 1457 365
134 1409 171 1456 nil
184 1423 280 1469 moror,
296 1424 328 1457 en
341 1409 451 1472 supplex
464 1410 549 1458 venio.
576 1411 695 1458 miserere
709 1417 821 1469 tuorum,

133 1512 200 1560 pone
214 1499 314 1546 animos
329 1506 354 1546 et
366 1499 455 1561 pulsus
469 1498 521 1546 abi.
549 1505 590 1546 sat
602 1498 692 1546 funera
706 1498 755 1546 lusi

132 1586 251 1645 vidimus,
267 1588 384 1649 ingentes
399 1595 424 1635 et
436 1588 608 1635 desolavimus
622 1601 707 1648 agros.
760 1587 762 1592 '

133 1682 177 1721 aut
190 1675 211 1721 si
226 1675 295 1723 fama
307 1683 400 1735 movet,
416 1676 436 1722 si
451 1682 551 1722 tantum
564 1683 667 1738 pectore
679 1673 758 1722 robur

134 1762 248 1824 concipis
262 1772 286 1812 et
299 1765 320 1811 si
333 1763 398 1811 adeo
413 1763 506 1810 dotalis
520 1763 708 1824 regnemirus,

61 1854 93 1898 37
98 1856 113 1897 0
132 1851 199 1898 ande
213 1859 290 1912 atque
303 1850 439 1899 adversum
451 1850 533 1898 fidens
553 1851 591 1898 fer
603 1858 692 1913 pectus
705 1851 732 1898 in
749 1851 861 1899 hostem.

132 1938 231 1986 scilicet
243 1945 271 1984 ut
283 1938 372 1984 Turno
387 1939 520 1999 contingat
533 1939 605 2000 regia
618 1940 733 1987 coniunx

132 2041 189 2085 nos,
205 2026 307 2073 animae
320 2026 392 2084 viles,
408 2026 542 2075 inhumata
555 2028 694 2091 infletaque
706 2028 790 2088 turba,

132 2121 276 2162 sternamur
289 2115 396 2176 campis.
425 2120 450 2162 et
462 2115 514 2163 iam
527 2123 563 2175 tu,
579 2117 653 2179 siqua
666 2117 712 2164 tibi
725 2117 772 2177 vis,

132 2203 152 2249 si
166 2203 241 2264 patrii
256 2202 318 2264 quid
331 2202 421 2249 Martis
434 2202 522 2263 habes,
537 2205 611 2253 illum
624 2206 711 2268 aspice
724 2213 814 2254 contra

61 2294 111 2338 375
133 2290 176 2352 qui
189 2283 282 2339 vocat.'

167 2379 274 2426 Talibus
288 2379 384 2427 exarsit
397 2380 471 2428 dictis
483 2381 606 2430 violentia
619 2381 717 2439 Turni3

132 2468 176 2514 (lat
189 2467 312 2529 gemitum
325 2468 473 2531 rumpitque
484 2469 532 2517 has
544 2470 597 2517 imo
610 2478 714 2532 pectore
727 2485 812 2517 voces·

127 2544 212 2615 ‘larga
225 2557 336 2617 quidem,
352 2557 466 2619 Drance,
482 2573 587 2624 semper
600 2559 651 2608 titi
665 2551 844 2618 eop'ialanu'x

119 2650 172 2687 nnn
186 2656 244 2689 cum
259 2644 329 2694 bella
342 2662 443 2699 manus
458 2660 592 2716 poscunt,
605 2627 908 2713 mpfimqoenowss
