1816 2956
247 191 395 231 turnines
414 193 501 231 umen
520 193 559 230 ιγ.
739 184 800 231 235

74 365 142 418 quae
168 348 261 410 quibus
281 348 438 397 anteferam?
469 350 521 396 iarn
546 350 597 398 iarn
624 365 671 398 nec
690 351 804 398 maxima

377 438 443 485 Iuno

74 542 123 576 nec
136 526 272 576 Saturnius
285 526 350 574 haec
363 527 444 574 oculis
457 534 530 589 pater
543 527 635 589 aspicit
648 528 747 590 aequis.

74 630 204 677 nusquam
217 622 272 662 tuta
285 615 357 663 fides.
385 615 494 663 eiectum
508 617 591 674 litore,
608 624 725 678 egentem

75 705 166 766 excepi
179 711 205 752 et
217 704 290 765 regni
304 705 409 752 demens
423 704 450 751 in
463 712 535 766 parte
549 705 649 763 locavi;

29 799 55 843 t5
76 793 197 841 amissam
211 794 328 850 classem,
345 792 429 840 socios
443 807 458 840 a
472 801 553 841 morte
566 793 666 841 reduxi.

75 881 127 931 heu
140 882 212 930 iuriis
224 882 330 929 incensa
343 881 424 928 feror!
447 897 515 930 nunc
529 897 611 944 augur
623 883 731 944 Apollo,

76 985 145 1018 nune
158 970 254 1032 Lyciae
267 977 357 1028 sortes,
374 985 443 1018 nunc
457 978 482 1019 et
493 973 553 1020 Iove
566 971 659 1019 missus
672 971 704 1018 ab
718 971 774 1033 ipso

75 1060 201 1123 interpres
216 1060 302 1106 divom
314 1059 364 1107 fert
376 1058 482 1106 horrida
494 1060 564 1107 iussa
577 1075 622 1122 per
635 1075 720 1108 auras.

76 1149 176 1197 scilicet
188 1149 209 1196 is
222 1150 320 1212 superis
334 1149 409 1197 labor
422 1154 468 1208 est,
484 1163 514 1196 ea
528 1164 589 1196 cura
603 1149 703 1211 quietos

29 1242 58 1287 30
78 1237 211 1286 sollicitat.
240 1252 324 1300 neque
337 1245 361 1286 te
375 1246 450 1287 teneo
464 1253 547 1300 neque
561 1238 630 1285 dicta
643 1238 749 1286 refello:

75 1326 95 1386 i,
110 1341 217 1388 sequere
230 1328 332 1375 Italiam
346 1328 437 1386 ventis,
454 1335 511 1389 pete
525 1342 605 1388 regna
618 1342 663 1388 per
675 1327 767 1374 undas.

77 1430 152 1478 spero
167 1417 286 1478 equidem
296 1417 396 1474 mediis,
413 1417 497 1478 siquid
511 1417 555 1478 pia
568 1416 674 1462 numina
686 1423 802 1478 possunt,

77 1505 205 1567 supplicia
218 1505 360 1553 hausurum
373 1505 486 1568 scopulis
500 1513 525 1553 et
538 1505 643 1552 nomine
656 1504 726 1551 Dido

77 1608 155 1656 saepe
167 1601 327 1642 vocaturum.
355 1609 449 1656 sequar
462 1595 523 1642 atris
537 1593 639 1654 ignibus
653 1593 755 1652 absens,

29 1689 57 1733 35
78 1689 112 1742 et,
127 1698 184 1731 curn
199 1682 293 1744 frigida
305 1698 374 1730 mors
388 1684 475 1731 anima
487 1683 618 1730 seduxerit
631 1690 709 1740 artus,

78 1773 197 1820 omnibus
211 1772 302 1819 umbra
315 1773 378 1820 locis
392 1773 479 1820 adero.
509 1771 595 1830 dabis,
611 1771 729 1833 inprobe,
745 1786 806 1834 poe·

380 1876 436 1908 nas.

79 1950 184 1999 audiam
194 1958 219 1998 et
232 1951 296 1998 haec
308 1965 397 1998 manes
409 1950 494 1997 veniet
506 1949 569 1996 mihi
583 1949 653 1996 fama
666 1948 713 1996 sub
721 1939 807 1996 imos.²

79 2039 119 2086 his
132 2039 245 2087 medium
259 2040 333 2087 dictis
347 2053 491 2086 sermonem
506 2037 635 2100 abrumpit
648 2046 673 2086 et
686 2052 761 2086 auras

79 2142 157 2189 aegra
170 2128 236 2189 fugit
248 2143 326 2190 seque
340 2143 372 2175 ex
386 2128 467 2174 oculis
482 2127 573 2175 avertit
586 2134 611 2175 et
624 2127 715 2184 aufert,

29 2223 59 2268 >0
80 2217 199 2279 linquens
213 2218 295 2264 multa
308 2225 378 2264 metu
392 2223 556 2264 cunctantem
576 2223 601 2264 et
618 2205 701 2263 inuita
719 2215 806 2262 volen-

381 2313 433 2353 tem

80 2395 173 2443 dicere.
202 2395 345 2457 suscipiunt
364 2394 477 2443 famulae
497 2394 673 2456 conlapsaque
690 2392 808 2440 membra

79 2498 224 2533 marmoreo
238 2484 352 2531 referunt
364 2483 480 2531 thalamo
494 2483 631 2544 stratisque
644 2489 781 2543 reponunt.

115 2573 151 2620 At
163 2573 220 2635 pius
233 2574 335 2620 Aeneas
350 2587 509 2634 quamquam
522 2572 603 2620 lenire
616 2551 747 2618 dolentem

79 2662 191 2710 solando
205 2662 276 2724 cupit
289 2668 314 2709 et
327 2661 401 2709 dictis
416 2667 531 2710 avertere
545 2673 634 2718 curas,
