1816 2956
72 182 130 228 174
307 191 334 230 e.
350 190 472 231 rausum
492 181 624 231 aaronis

138 347 267 412 opstipnit·
273 354 398 410 retroque
406 349 498 410 pedem
512 363 570 397 enm
582 363 645 398 voce
657 349 787 412 repressit.

74 424 80 436 ⁸
137 435 298 500 inprovisum>
309 436 391 498 aspris
404 437 482 485 veluti
496 437 668 500 qui·seutibus
684 452 797 500 anguem

67 529 118 573 380
137 524 230 587 pressit
242 524 315 572 humi
327 525 412 574 nitens
425 526 592 589 trepidusque
603 534 708 589 repente
720 527 816 590 refugit

138 613 298 663 attollentem
309 614 362 662 iras
375 620 400 662 et
412 615 515 663 caerula
528 615 598 664 colla
610 621 759 675 tumentem,

137 701 296 751 haudsecue
307 703 536 764 Androgeosvisn
544 703 707 752 tremefactus
722 704 820 754 abibat.

137 791 272 851 munimus,
289 791 374 840 densis
388 799 414 840 et
426 791 657 840 circumfundimur
668 793 757 853 armis,

137 880 295 943 ignarosque
307 880 359 928 loci
373 880 469 942 passim
483 888 508 929 et
519 881 657 929 formidine
671 887 761 943 captos

67 973 124 1018 385*
137 969 282 1018 sternimus.
311 969 426 1032 adspirat
437 970 520 1032 primo
533 969 649 1018 Fortuna
661 969 754 1018 labori.

138 1063 215 1119 atque
227 1056 270 1105 hic
282 1072 401 1106 successu
415 1058 533 1106 exultans
547 1058 691 1120 animisque
705 1056 840 1108 Coroebus

134 1135 161 1194 ‘o
175 1145 248 1205 socii,
264 1161 316 1208 qua
328 1138 419 1208 prima'
432 1147 517 1209 inquit
526 1135 641 1197 ‘fortuna
655 1146 745 1195 salutis

137 1234 318 1283 monstratiter
325 1249 428 1297 quaque
436 1235 549 1283 ostendit
559 1249 587 1283 se
598 1235 696 1294 dextra,
711 1249 866 1298 sequamur:

137 1330 264 1372 mutemus
278 1323 376 1386 clipeos
388 1323 562 1386 Danaumque
575 1323 689 1386 iusignia
702 1322 784 1372 nobis-

66 1415 118 1460 390
138 1419 263 1475 aptemus.
298 1412 374 1460 dolus
386 1426 420 1461 an
433 1412 521 1472 virtus,
537 1412 594 1475 quis
607 1412 635 1460 in
647 1412 723 1461 hoste
734 1413 869 1476 requirat?

137 1515 210 1549 arma
224 1499 323 1550 dabunt
334 1493 404 1564 ipsiss'
429 1501 466 1550 sic
478 1501 545 1552 fatus
559 1501 654 1549 deinde
667 1509 817 1550 comantem

137 1589 272 1651 Androgei
284 1590 388 1651 galeam
402 1589 530 1652 clipeique
542 1589 644 1651 insigne
657 1589 788 1640 decorum

136 1678 253 1726 induitur
265 1678 392 1741 laterique
404 1678 530 1741 Argivom
542 1679 727 1728 adcommodat
739 1693 837 1727 ensem.

137 1767 187 1816 hoc
200 1767 323 1830 Rhipeus,
339 1767 390 1816 hoc
401 1767 458 1830 ipse
470 1767 568 1830 Dymas
583 1766 719 1829 omnisque
731 1767 851 1818 iuventus

66 1860 116 1905 395
137 1857 206 1905 laeta
219 1856 297 1914 facit;
317 1856 407 1918 spoliis
421 1871 448 1904 se
462 1857 571 1918 quisque
583 1856 729 1904 recentibus
743 1864 837 1905 armat.

136 1944 254 1994 vadimus
267 1944 368 1992 inmixti
382 1944 482 1993 Danais
495 1944 564 1993 haud
578 1944 684 1992 numine
696 1952 796 2004 nostro,

137 2033 271 2095 multaque
284 2048 329 2095 per
342 2048 447 2084 caecam
460 2033 592 2095 congressi
605 2033 704 2096 proelia
717 2040 822 2082 noctem

137 2121 305 2181 conserimus,
320 2123 417 2171 multos
429 2122 551 2171 Danaum
564 2122 720 2170 demittimus
735 2120 814 2170 Orco.

138 2209 277 2272 diffugiunt
289 2211 334 2259 alii
348 2211 380 2260 ad
395 2210 466 2258 navis
480 2218 505 2258 et
517 2211 595 2259 litora
609 2225 683 2258 cursu

66 2303 118 2348 400
137 2298 189 2347 fida
202 2306 301 2362 petunt,
317 2314 376 2362 pars
389 2299 522 2360 ingentem
535 2299 672 2347 formidine
685 2298 762 2361 turpi
840 2281 844 2294 ·.

137 2388 267 2438 scandunt
278 2402 453 2436 rursusecum
467 2394 491 2436 et
503 2394 566 2436 nota
579 2389 726 2436 conduntur
738 2387 765 2435 in
779 2388 849 2436 alvo.

173 2476 231 2525 Heu
242 2477 308 2526 nihil
321 2477 409 2525 invitis
420 2475 461 2525 fas
473 2491 629 2539 quemquam
642 2476 720 2525 fidere
733 2476 815 2524 divisi

138 2579 198 2615 ecce
210 2565 361 2615 trahebatur
373 2564 455 2628 passis
467 2563 597 2613 Priameia
608 2565 682 2627 virgo

134 2653 251 2704 crinibus
267 2671 284 2705 a
302 2654 399 2720 templo
414 2650 561 2703 Cassandra
578 2653 714 2717 adytisque
725 2653 867 2714 Minervae,
