1816 2956
311 187 459 228 Anunmos
481 189 565 227 LIBER
583 189 602 227 1.
796 180 851 227 157

57 353 108 397 7ἳο
127 347 216 395 matris
229 345 365 394 Acidaliae
379 345 516 408 paullatim
530 345 634 394 abolere
648 344 792 408 Sychaeum

126 436 219 498 incipit
232 442 256 483 et
268 435 324 482 vivo
338 441 446 497 temptat
458 443 618 497 praevertere
632 449 720 483 amore

127 526 179 573 iam
192 525 292 587 pridem
305 523 400 571 resides
414 522 514 571 animos
528 524 683 587 desuetaque
698 525 785 573 cordo.

163 613 305 676 Postquam
324 612 408 675 prima
427 612 499 674 quies
519 613 616 675 epulis,
643 628 799 676 mensaeque
819 628 856 661 re-

428 709 523 758 motae,

128 799 239 840 crateras
252 805 361 852 magnos
374 797 489 838 statuent
503 798 527 838 et
540 790 600 837 vina
613 800 747 838 coronant.

57 887 107 932 725
128 881 156 929 fit
168 881 288 944 strepitus
301 880 373 928 tectis
387 894 527 941 vocemque
541 895 587 942 per
600 881 686 942 ampla
699 880 816 927 volutant

128 970 202 1028 utria,
219 970 364 1032 dependent
377 968 463 1030 lychni
478 969 642 1031 laquearibus
657 969 740 1016 aureis

127 1059 224 1106 incensi
239 1065 264 1105 et
277 1065 379 1105 noctem
391 1057 500 1105 flammis
514 1058 613 1105 funalia
626 1058 738 1104 vineunt.

127 1146 169 1194 hic
182 1146 272 1207 regina
285 1161 388 1207 grauem
401 1148 509 1207 gemmis
523 1161 637 1208 auroque
651 1146 770 1208 poposcit

128 1235 285 1298 inplevitque
298 1250 369 1282 mero
383 1245 498 1298 pateram
512 1251 589 1297 (quom
602 1236 681 1282 Belus
695 1241 720 1282 et
733 1249 821 1283 omnes

56 1331 107 1375 730
128 1341 144 1373 a
156 1325 220 1372 Belo
234 1324 319 1382 soliti3
340 1331 394 1394 tum
407 1324 475 1372 faeta
488 1325 591 1372 silentia
604 1325 686 1372 tectis.

123 1401 258 1475 ‘Iuppiten
275 1414 417 1475 hospitibus
431 1429 491 1461 uam
505 1422 528 1461 te
543 1415 602 1461 dore
616 1415 672 1461 iuru
687 1414 814 1471 locuntur,

129 1501 198 1549 hune
212 1503 308 1550 laetum
320 1503 456 1565 Tyriisque
470 1504 538 1550 diem
551 1504 681 1565 Troiaque
695 1501 815 1564 proiectis

129 1605 183 1639 esse
196 1591 258 1639 velis
272 1600 424 1653 nostrosque
437 1592 513 1639 huius
527 1593 673 1640 meminisse
686 1592 807 1638 minores.

129 1680 195 1727 adsit
208 1679 321 1727 laetitiae
334 1680 452 1728 Bacchus
467 1682 541 1728 dator
554 1689 579 1729 et
591 1682 660 1729 boue
672 1682 747 1729 Iuno.

58 1773 108 1817 735
129 1774 154 1815 et
167 1782 211 1814 vos
225 1782 241 1814 o
255 1777 355 1816 coetum
369 1769 439 1830 Tyrii
454 1770 580 1818 celebrate
595 1762 727 1818 faventes'

129 1856 194 1903 dixit
207 1856 270 1904 etin
284 1872 400 1904 mensam
414 1858 521 1906 laticum
535 1859 624 1907 libavit
636 1860 762 1907 honorem

127 1945 268 2007 primaque,
285 1946 374 2004 libato,
391 1962 491 1994 summo
506 1956 578 1996 tenus
593 1949 678 2009 attigit
691 1963 748 1995 ore:

129 2041 184 2081 tum
196 2034 281 2082 Bitiae
295 2035 365 2082 dedit
377 2036 534 2098 increpitans
545 2055 551 2096 3
570 2038 615 2085 ille
628 2038 730 2099 inpiger
742 2035 829 2083 hausit

128 2130 290 2186 spumantem
305 2131 419 2187 pateram
434 2133 458 2173 et
472 2127 550 2188 pleno
565 2142 591 2174 se
605 2127 703 2188 proluit
715 2141 794 2181 einez

57 2217 110 2262 740
130 2220 189 2274 post
202 2213 246 2260 alii
260 2228 387 2275 proceres.
416 2215 515 2262 eithara
529 2216 633 2263 crinitus
646 2216 723 2278 Iopas

130 2309 252 2363 personat
265 2309 364 2360 aurata,
381 2304 469 2350 (locuit
482 2319 557 2365 quem
571 2304 698 2351 maximus
712 2306 794 2352 Atlas.

129 2389 171 2437 hic
185 2391 254 2438 canit
267 2399 393 2439 errantem
407 2393 496 2440 lunam
510 2393 624 2455 solisque
638 2393 748 2451 labores,

130 2479 198 2527 unde
212 2480 346 2528 homiuum
360 2496 440 2541 genus
460 2488 484 2529 et
502 2482 627 2542 pecudes,
648 2482 717 2528 unde
734 2480 815 2528 imber
833 2489 858 2528 et

431 2570 512 2631 ignes,

131 2665 261 2705 arcturum
275 2658 427 2721 pluviasque
440 2659 538 2722 hyadas
552 2658 727 2722 geminosque
737 2659 856 2714 triones„
