1816 2956
348 203 469 245 sctooA
488 204 518 245 Χ.
792 193 828 243 31

100 353 198 422 ‘Galle‚
215 363 276 425 quid
290 353 415 410 insanisl'
427 362 519 425 inquit.
543 351 599 410 ‘tua
612 377 674 410 eura
685 361 791 424 Lycoris

104 466 201 514 perque
209 452 278 499 nives
291 451 372 499 elium
384 465 480 513 perque
491 450 598 498 horrida
608 459 692 500 eastra
703 442 831 499 secutast'

80 528 93 546 ⁹
104 540 175 587 venit
187 546 213 588 et
224 540 319 602 agresti
333 539 424 601 eapitis
438 539 556 587 Silvanus
570 538 677 600 honore,

58 634 83 676 25
104 628 219 676 florentis
232 628 327 677 ferulas
341 635 366 676 et
377 628 488 690 grandia
500 628 555 676 lilia
568 643 702 690 quassans.

105 717 161 765 Pan
176 717 238 765 deus
251 717 381 767 Arcadiae
392 717 470 776 veuit,
487 731 563 779 quem
577 716 687 764 vidimus
700 715 749 779 ipsi

104 805 254 867 sanguineis
267 804 336 854 ebuli
350 805 420 854 bacis
433 806 565 868 minioque
578 805 724 854 rubentem:

101 885 202 957 ‘ecquis
214 895 261 943 erit
273 886 390 942 medusl'
401 895 492 958 inquit.
515 884 668 942 ‘Amornon
675 893 738 942 talia
744 901 830 942 eurat:

105 998 154 1031 nec
166 983 279 1031 lacrimis
293 984 404 1031 erudelis
416 985 499 1031 Amor
511 998 559 1032 nee
571 983 691 1043 gramina
703 982 762 1029 rivis

58 1079 85 1120 30
105 1087 154 1120 nec
168 1071 248 1134 cytiso
261 1079 408 1120 saturantur
421 1088 483 1134 apes
495 1087 544 1121 nec
557 1071 648 1119 sronde
662 1062 798 1132 capellae'

105 1160 184 1208 tristis
198 1167 224 1208 at
236 1161 280 1210 ills
292 1161 387 1209 ‘tamen
400 1161 546 1219 cantabitis,
562 1151 685 1208 Arcades’
698 1159 791 1222 inquit,

102 1237 244 1297 ‘montibus
257 1249 322 1298 haee
335 1249 431 1309 vestris,
447 1251 496 1298 soli
510 1256 614 1298 cantare
626 1248 701 1311 periti

105 1337 230 1386 Arcades.
270 1353 285 1387 o
302 1338 365 1386 mihi
384 1345 438 1386 tum
455 1353 534 1400 quarn
551 1337 664 1386 molliter
677 1351 736 1385 ossa
749 1336 833 1399 quies·

408 1432 476 1485 eant,

106 1521 191 1562 vestra
203 1528 273 1563 meos
287 1515 350 1563 olim
363 1515 383 1562 si
397 1515 483 1563 fistula
495 1514 565 1562 dieat
581 1513 696 1562 amoresl

57 1609 85 1652 35
107 1609 185 1664 atque
198 1603 297 1651 utinam
310 1617 343 1651 ex
355 1602 427 1651 vobis
440 1618 506 1651 nnus
518 1602 645 1665 vestrique
658 1602 763 1649 fuissem

106 1697 153 1740 aut
165 1698 250 1739 eustos
263 1691 349 1753 gregis
362 1699 407 1739 aut
418 1698 533 1739 maturae
546 1691 640 1738 vinitor
652 1704 725 1738 uvae.

107 1787 175 1828 certe
188 1780 239 1828 sive
253 1779 315 1827 mihi
329 1779 427 1842 Phyllis
441 1780 492 1827 sive
506 1787 572 1827 esset
584 1779 710 1839 Amyntas

107 1883 152 1916 seu
166 1868 322 1931 quicumque
334 1868 405 1916 furor
416 1868 490 1931 (quid
499 1875 561 1925 tum,
571 1867 592 1914 si
599 1867 685 1914 fuscus
693 1864 834 1927 Amyntas?

107 1963 133 2005 et
145 1957 235 2018 nigrae
247 1957 331 2006 violae
344 1964 404 2004 sunt
416 1963 441 2005 et
452 1955 570 2004 vaccinia
583 1954 669 2018 nigra)

56 2051 87 2094 40
107 2061 209 2094 meeum
222 2046 288 2093 inter
300 2046 392 2094 salices
405 2046 475 2094 lenta
487 2043 533 2091 sub
547 2043 597 2091 vito
610 2044 721 2101 iaeeret3

107 2141 176 2182 serta
188 2134 252 2183 mihi
265 2134 364 2196 Phyllis
377 2134 481 2195 legeret,
498 2139 613 2180 cantaret
625 2133 761 2193 Amyntas.

108 2222 151 2271 hic
165 2223 245 2284 gelidi
259 2222 351 2281 sontes,
368 2222 410 2270 hio
422 2222 513 2270 mollia
525 2227 607 2284 prata,
623 2220 725 2282 Lyconi,

108 2311 151 2359 hic
164 2326 254 2361 nemus
265 2329 271 2371 ;
286 2311 328 2360 hic
341 2311 398 2373 ipso
411 2316 496 2359 tecum
509 2323 672 2358 consumerer
686 2323 757 2356 aevo.

108 2414 179 2448 nune
192 2400 299 2448 insanus
313 2415 386 2448 amor
398 2400 455 2447 duri
469 2414 509 2447 me
521 2399 611 2446 Martis
624 2398 650 2444 in
665 2397 742 2445 armis

56 2495 89 2538 45
111 2489 164 2537 tela
176 2489 242 2536 inter
255 2489 341 2537 media
354 2496 430 2552 atque
443 2488 564 2538 adversos
578 2486 680 2537 detinet
688 2485 782 2535 hostes
788 2499 798 2529 ·.

104 2585 131 2619 tu
139 2576 235 2634 procul
244 2591 260 2622 a
269 2577 357 2637 patria
372 2577 434 2642 (nee
449 2581 485 2630 sit
496 2581 567 2632 mihi
581 2581 699 2632 eredere
712 2572 840 2634 tantum}

85 2657 187 2714 alpim
199 2674 224 2718 a,
242 2661 318 2725 dura,
335 2668 412 2720 nives
428 2681 459 2726 et
472 2676 585 2742 frigora
599 2673 704 2726 Rheni
