1816 2956
290 189 438 230 nanamos
454 190 541 229 alane
557 190 620 230 vm.
789 181 845 229 361

126 347 169 395 hic
181 363 240 395 vero
254 348 363 396 Alcidae
377 347 449 394 luriis
463 353 593 395 exarserat
605 353 660 394 atro

56 441 107 484 220
127 436 186 484 felle
200 438 291 484 dolor:
311 436 379 498 rapit
397 450 469 482 arma
481 450 561 487 manu
578 435 706 498 nodisque
718 442 854 497 gravatum

126 525 204 572 robur
217 532 242 574 et
255 525 317 573 aerii
331 539 406 572 cursu
420 525 484 586 petit
496 524 577 572 ardua
589 524 692 572 montis.

127 619 181 660 tum
193 614 304 676 primum
317 614 398 661 nostri
411 612 510 662 Cacum
523 612 610 660 videre
622 611 755 660 timentem

126 701 308 764 turbatumque
321 702 405 750 oculi:
427 701 493 762 fugit
504 701 575 748 ilicet
587 699 659 748 ocior
672 713 733 748 euro

126 790 329 852 speluncamque
341 791 420 853 petit3
440 788 548 852 pedibus
562 789 639 836 timor
650 787 752 836 addidit
763 790 829 838 alas.

56 881 106 924 225
126 884 155 924 ut
166 892 221 925 sese
234 879 339 926 inclusit
351 879 484 940 ruptisque
497 877 601 925 inmane
615 877 711 924 catenis

127 965 220 1013 deiecit
232 981 332 1025 aarum,
347 966 415 1014 ferro
428 967 497 1029 quod
512 974 537 1014 et
549 973 603 1014 arte
615 972 724 1027 paterna

126 1053 255 1113 pendebat
267 1054 397 1117 fultosque
409 1055 604 1104 emuniitobice
615 1061 711 1116 postes,

126 1155 186 1189 ecce
198 1141 284 1190 furens
298 1143 390 1191 animis
403 1144 493 1192 aderat
505 1143 655 1206 Tirynthius
668 1155 823 1203 omnemque

126 1245 259 1278 accessum
273 1232 383 1280 lustrans
396 1232 447 1281 huc
460 1247 507 1279 ora
519 1232 618 1280 ferebat
630 1238 655 1279 et
667 1231 739 1289 illuc,

56 1321 106 1365 230
126 1318 245 1366 dentibus
258 1304 415 1369 infrendens.
443 1329 481 1370 ter
493 1328 575 1368 totum
588 1319 699 1368 fervidus
712 1320 751 1367 ira

125 1408 217 1457 lustrat
228 1409 350 1456 Aventini
363 1417 486 1468 montem,
502 1416 540 1456 ter
552 1423 631 1457 saxea
644 1415 751 1471 temptat

125 1496 216 1546 limina
230 1498 396 1560 nequiquam,
412 1505 449 1546 ter
461 1498 542 1546 lessus
555 1498 622 1546 valle
635 1498 737 1546 resedit.

125 1585 210 1634 stabat
222 1594 298 1635 acute
311 1587 385 1645 silex,
400 1587 522 1649 praecisis
535 1587 650 1649 undique
663 1587 733 1635 saxis

125 1675 264 1736 speluncae
278 1675 354 1723 dorso
367 1675 513 1737 insurgens,
529 1674 656 1723 altissima
668 1676 732 1735 visu,

55 1766 105 1808 235
126 1762 239 1810 dirarum
252 1763 321 1810 nidis
334 1764 425 1811 domus
439 1771 585 1826 opportuna
596 1765 739 1813 volucrum.

72 1859 74 1863 ·
125 1848 207 1908 hanc,
228 1858 257 1897 ut
274 1865 357 1912 prona
375 1852 437 1913 iugo
456 1853 557 1900 laevom
574 1852 740 1902 incumbebat
752 1855 785 1901 ad
798 1868 853 1902 am·

426 1954 493 1998 nem,

126 2025 214 2074 dexter
227 2026 254 2073 in
268 2027 403 2075 adversum
416 2029 499 2077 nitens
513 2031 642 2078 concussit
655 2039 680 2080 et
692 2031 750 2079 imis

126 2117 240 2163 avolsam
253 2116 330 2163 solvit
342 2117 488 2177 radicibus3
508 2118 569 2166 inde
587 2127 692 2181 repente

125 2204 227 2265 inpulit,
243 2205 348 2267 inpulsu
362 2220 413 2267 qno
426 2207 554 2256 maximus
566 2208 669 2258 intonat
681 2208 778 2268 aether,

55 2297 106 2341 240
126 2293 264 2341 dissultant
276 2295 347 2356 ripae
360 2295 495 2358 refluitque
508 2297 642 2345 exterritus
655 2298 748 2345 amnia.

125 2388 152 2430 at
164 2397 255 2445 specus
270 2391 295 2431 et
308 2382 370 2432 Caci
385 2385 486 2433 detecta
498 2387 619 2448 adparuit
629 2387 721 2448 ingens

42 2474 44 2483 '
125 2472 197 2531 regia
209 2479 234 2520 et
245 2473 381 2520 umbrosae
394 2474 495 2535 penitus
508 2482 613 2537 patuere
627 2488 767 2528 cauernae,

124 2574 175 2604 non
187 2574 261 2607 secus
273 2578 305 2611 ac
316 2563 394 2627 siqua
407 2565 515 2628 penitus
528 2566 554 2614 ri
567 2573 643 2614 terra
656 2563 807 2610 dediscens

107 2645 225 2696 infernas
238 2661 339 2702 reseret
352 2657 434 2708 sedes
451 2667 476 2710 ct
490 2673 584 2722 regna
596 2650 735 2703 recludet
