1816 2956
81 356 118 404 64
317 366 343 406 P.
360 366 482 408 vanum
502 367 633 409 HABONIS
675 408 678 413 .

148 521 312 586 Chaoniique
326 524 406 588 patris
419 524 537 586 glandes,
553 525 632 574 etiarn
645 527 727 575 ardua
739 527 830 590 palma

146 612 261 661 nascitur
274 619 298 660 et
311 627 384 660 casus
398 612 469 662 abies
481 613 568 662 visura
580 615 704 663 marinos.

148 701 268 750 inseritur
279 715 339 750 vero
353 709 379 750 ct
391 702 464 750 nucis
478 702 584 751 arbutus
597 703 704 752 horrida
716 703 769 752 fetu

96 794 127 839 70
147 798 172 839 et
184 789 283 838 steriles
297 790 396 852 platani
409 791 493 839 malos
506 805 608 852 gessere
620 793 744 852 valentes,

147 886 283 927 castaneae
295 879 370 941 fagus
383 894 513 942 ornusque
526 880 642 928 incanuit
655 880 716 929 albo

146 968 210 1017 flore
222 968 271 1031 piri
284 968 458 1030 glandemque
470 983 528 1016 sues
542 968 640 1031 fregere
654 969 701 1017 sub
715 969 802 1018 ulmis.

181 1055 235 1105 Neo
247 1057 339 1104 modus
352 1056 465 1105 inserere
476 1064 554 1120 atque
567 1059 656 1107 oculos
673 1057 799 1121 inponere
816 1059 875 1106 sim-

448 1145 518 1208 plen.

146 1249 208 1283 nam
220 1249 272 1297 qua
284 1248 312 1282 se
324 1234 409 1282 medio
423 1234 530 1283 trudunt
542 1235 574 1284 de
587 1235 682 1284 cortice
695 1250 814 1297 gemmae

96 1328 128 1372 75
148 1331 173 1372 et
186 1323 269 1371 tenuis
282 1331 405 1385 rumpunt
418 1323 527 1382 tunicas,
545 1331 669 1385 angustus
682 1323 709 1370 in
723 1324 780 1387 ipso

146 1412 175 1459 fit
187 1412 257 1459 nodo
271 1411 356 1472 sinus3
371 1412 422 1460 huc
435 1412 521 1460 aliena
534 1427 566 1460 ex
580 1411 671 1460 arbore
683 1427 788 1474 germen

147 1500 284 1548 includunt
296 1501 400 1563 udoque
414 1502 508 1549 docent
520 1501 663 1549 inolescere
676 1501 753 1549 libro.

147 1597 191 1637 aut
204 1604 304 1636 rursum
317 1590 413 1638 enodes
426 1590 510 1637 trunci
523 1595 671 1638 resecantur
684 1595 709 1637 ct
722 1590 775 1638 alte

146 1678 252 1725 finditur
265 1678 416 1725 insolidum
430 1678 517 1726 cuneis
531 1678 580 1737 via,
597 1678 689 1726 deinde
702 1678 801 1727 feraces

95 1771 127 1814 80
147 1767 251 1829 plantae
262 1767 440 1826 inmittuntur3
455 1768 735 1829 neolongumtempus,
751 1774 776 1815 et
786 1767 875 1830 ingens

147 1856 200 1903 exit
212 1856 244 1903 ad
260 1856 361 1904 caelum
374 1856 451 1903 ramis
465 1855 582 1904 felicibus
597 1855 672 1903 arbos

146 1945 305 2007 miraturque
319 1959 398 1992 novas
411 1944 515 1992 frondes
528 1951 553 1992 ct
565 1958 618 1991 non
632 1959 679 1991 sua
691 1959 779 2007 poma.

181 2033 318 2081 Praeterea
330 2047 412 2094 genus
425 2032 494 2080 haud
508 2047 589 2080 unum
606 2047 653 2080 nec
669 2032 779 2080 fortibus
799 2034 874 2081 ulmis

146 2136 194 2170 nec
207 2121 280 2169 salici
295 2121 400 2183 lotoque
413 2135 498 2183 neque
509 2120 594 2169 Idaeis
608 2120 755 2183 cyparissis,

95 2215 126 2258 85
147 2225 195 2258 nec
208 2209 315 2272 pingues
329 2224 408 2256 unam
421 2209 447 2256 in
461 2209 553 2258 faciem
566 2217 707 2264 nascuntur
720 2210 816 2270 olivae,

147 2299 272 2347 orchades
285 2305 310 2346 et
322 2298 387 2345 radii
401 2305 426 2346 et
439 2313 526 2346 amara
539 2299 630 2361 pausia
643 2298 709 2346 baca

147 2401 276 2451 pomaque
291 2393 316 2434 et
328 2387 433 2434 Alcinoi
447 2387 535 2446 silvae,
551 2401 598 2435 nec
611 2389 728 2436 surculus
742 2387 814 2436 idem

148 2474 301 2524 Crustumiis
316 2474 447 2538 Syriisque
460 2476 523 2538 piris
535 2475 707 2538 gravibusque
719 2476 839 2526 volemis.

146 2581 200 2613 non
213 2565 303 2613 eadem
316 2564 450 2612 arboribus
464 2565 559 2626 pendet
567 2565 697 2613 vindemia
709 2565 805 2613 nostris

87 2658 123 2699 90
142 2668 221 2715 quam
234 2652 420 2717 Methymnaeo
434 2653 516 2716 carpit
529 2653 560 2701 de
573 2653 679 2716 palmite
691 2653 792 2703 Lesbos
803 2671 810 2715 3

124 2749 193 2791 sunt
207 2743 327 2794 Thasiae
342 2745 419 2807 vites,
437 2751 500 2793 sunt
512 2741 709 2792 etblareotidea
719 2740 808 2798 albae„

36 2812 73 2954 Ι
106 2828 275 2895 pinguibus
288 2837 346 2888 luae
362 2836 446 2889 terris
457 2834 579 2894 habiles,
591 2827 739 2880 lenonum
747 2825 829 2882 illae„
