1816 2956
258 184 407 224 AENEIDOS
427 184 514 224 LIBER
530 183 550 222 1.

113 342 244 407 Opstipuit
257 343 340 405 primo
354 349 459 404 aspectu
474 339 582 389 Sidonia
593 340 672 399 Dido,

76 447 138 480 casu
152 432 245 480 deiude
258 431 304 479 viri
318 438 399 489 tanto,
416 429 489 478 etsie
503 443 547 477 ore
561 429 680 478 locutast.

27 527 54 570 ¹5
72 511 142 584 ‘quis
156 528 189 579 tc,
205 529 264 568 nate
278 521 335 579 dea,
351 534 397 583 per
409 527 482 568 tanta
494 519 611 581 pericula
624 534 698 567 easns

74 609 237 672 insequitur?
256 623 322 671 quae
336 609 373 655 vis
385 607 533 656 inmanibus
547 608 661 670 adplicat
673 607 743 656 oris?

77 708 139 746 tune
151 699 195 746 ille
208 699 311 746 Aeneas
325 712 402 760 quem
414 697 550 745 Dardanio
563 697 694 746 Anchisae

76 788 146 836 alma
158 786 245 835 Venus
258 786 364 848 Phrygii
382 786 471 848 genuit
485 785 623 835 Simoentis
642 787 673 834 ad
692 785 805 834 undam?

76 883 154 938 atque
167 876 287 938 equidem
299 875 428 924 'seuerum
441 875 547 923 memini
561 874 660 924 Sidona
672 875 758 924 venire

27 970 58 1012 20
78 964 172 1012 tinibus
186 966 321 1027 expulsum
335 965 433 1026 patriis,
449 980 516 1012 nora
528 979 610 1026 regna
622 971 751 1026 petentem

77 1053 176 1101 auxilio
189 1053 262 1101 Beli:
282 1053 385 1114 genitor
398 1061 452 1101 tum
464 1054 543 1102 Belus
557 1053 672 1115 opimam

76 1141 194 1190 vastabat
207 1140 320 1205 Cyprum
334 1149 358 1189 ct
370 1142 451 1190 victor
465 1143 566 1190 dicione
579 1140 690 1189 tenebat.

77 1238 192 1294 tempore
204 1231 257 1278 iam
270 1245 303 1278 ex
315 1231 361 1279 illo
375 1247 449 1279 casus
462 1231 526 1278 milri
540 1230 657 1291 cognitus
671 1228 740 1278 urbis

77 1318 206 1368 Troianae
221 1334 366 1382 nomenque
380 1328 450 1367 tuom
464 1334 588 1381 regesque
601 1319 713 1380 Pelasgi.

27 1413 56 1456 25
77 1409 133 1472 ipse
146 1409 227 1456 hostis
240 1408 354 1457 Teucros
368 1408 462 1470 insigni
477 1409 553 1457 laude
566 1408 664 1456 serebat

76 1511 155 1560 seque
169 1505 253 1544 ertum
266 1498 540 1560 antiquaTeucrorum
554 1497 584 1546 ab
598 1498 677 1560 stirpe
689 1497 800 1546 volebat.

78 1600 158 1649 quare
171 1586 248 1647 agite,
265 1587 375 1645 emetis
391 1587 503 1644 iuvenes,
519 1587 647 1635 succedite
660 1587 762 1635 nostris.

77 1689 117 1723 me
132 1689 235 1738 quoque
248 1690 293 1737 pcr
306 1676 400 1723 multos
414 1676 505 1723 similis
519 1676 623 1723 fortuna
635 1675 736 1724 labores

76 1762 198 1811 iactatam
212 1763 260 1811 hac
275 1764 378 1811 demum
390 1764 470 1811 voluit
484 1764 622 1813 consistere
636 1773 711 1813 terra.

27 1857 57 1899 30
77 1866 130 1899 non
144 1851 235 1913 ignara
247 1853 309 1900 mali
323 1853 422 1901 miseris
435 1868 583 1901 succurrere
597 1845 688 1902 disco.'

77 1941 114 1988 sic
127 1949 269 2000 memerat;
288 1942 364 1989 simul
377 1943 485 1990 Aenean
499 1943 525 1989 in
539 1943 611 2004 regia
624 1942 695 1990 ducit

77 2036 153 2087 tecta,
169 2029 246 2077 simul
261 2030 346 2077 divom
360 2031 463 2094 templis
477 2032 568 2079 indicit
577 2033 713 2079 honorem.

77 2132 125 2167 nee
138 2119 223 2165 minus
237 2119 333 2166 interca
345 2119 421 2167 sociis
436 2121 467 2168 ad
483 2120 559 2168 litora
571 2120 649 2168 mittit

77 2207 167 2268 viginti
181 2215 277 2266 tauros,
293 2222 447 2269 magnorum
461 2208 592 2257 horrentia
606 2219 708 2257 centum

27 2301 56 2344 35
77 2304 150 2358 terga
162 2312 249 2354 suom,
271 2297 373 2358 pinguis
387 2306 489 2345 centum
503 2313 561 2346 cnm
574 2298 697 2346 matribus
712 2312 802 2360 agnos,

76 2400 184 2433 munera
196 2386 372 2448 laetitiamque
387 2387 431 2434 dii.

77 2481 104 2522 at
117 2475 207 2521 domus
221 2475 327 2522 interior
340 2476 420 2537 regali
434 2476 570 2538 splendida
583 2476 646 2523 luxu

77 2563 211 2611 instruitur
224 2564 365 2626 mediisque
378 2573 471 2627 parant
484 2565 601 2612 convivia
613 2564 701 2611 tectis:

77 2663 131 2702 arte
144 2652 277 2702 laboratae
290 2661 370 2701 vestes
384 2660 506 2718 ostroque
519 2652 645 2718 superbo,
