1816 2956
69 173 131 220 394
311 182 337 220 P.
356 180 477 220 vuaorur
495 179 626 220 rannerus

140 346 229 387 nactus
243 338 315 399 equis
330 337 449 401 ferroque
464 343 534 385 secat
547 337 686 399 pendentia
699 338 787 395 oolla;

66 433 120 475 330
140 434 195 475 tum
208 434 286 489 eaput
298 427 347 489 ipsi
361 426 445 475 aufert
455 426 560 473 domino
568 433 740 488 truncumque
747 428 870 491 relinquit

139 516 266 577 sanguiue
279 516 481 577 singultantem
496 522 552 562 atro
566 514 695 576 tepefacta
709 530 802 566 eruore

139 612 207 652 terra
219 605 321 666 torique
340 604 453 652 madent.
481 616 529 650 nee
546 616 599 649 nou
613 601 808 667 Lamyrumque
823 605 871 653 La·

441 705 563 752 mumque

139 789 165 830 et
176 781 294 830 iuvenem
308 779 456 837 Serranum,
472 779 519 826 illa
533 779 577 841 qni
590 779 705 841 plurima
718 790 797 830 noete

139 872 243 928 luserat,
259 869 367 930 insignis
381 868 455 926 faeie,
471 868 604 930 multoque
618 867 721 916 iacebat

65 963 118 1006 335
139 959 255 1007 membra
267 959 317 1007 deo
330 958 427 1016 vietus3
448 957 519 1015 felix,
535 957 557 1004 si
569 957 688 1019 protinus
701 958 779 1006 illum

140 1054 276 1110 aequasset
288 1046 357 1094 nocti
372 1046 462 1093 ludum
475 1044 501 1091 iu
516 1046 653 1108 lucemque
666 1046 777 1095 tulisset.

138 1135 255 1198 inpastus
269 1150 315 1184 eeu
328 1136 406 1197 plena
418 1135 459 1182 leo
472 1148 518 1196 per
532 1134 611 1182 ovilia
623 1133 732 1183 turbans

140 1223 244 1285 (suadet
256 1224 325 1272 enim
338 1238 450 1271 vaesana
463 1222 555 1284 fames)
575 1222 728 1284 manditque
741 1225 872 1287 trahitque

139 1313 218 1361 molle
231 1327 309 1375 pecus
322 1320 472 1374 mutumque
492 1318 576 1369 metu,
597 1311 683 1358 i'retnit
696 1326 741 1360 ore
756 1324 870 1362 cruento.

66 1405 119 1448 :340
139 1415 187 1449 noo
200 1401 285 1448 minor
296 1401 402 1463 Euryali
416 1400 523 1458 eaedes3
538 1401 658 1448 incensus
673 1400 769 1463 etipse

138 1489 247 1552 perfurit
259 1505 289 1539 ao
303 1491 410 1538 multam
424 1489 450 1536 in
464 1489 550 1537 medio
564 1489 619 1536 sine
637 1489 744 1537 nomine
758 1491 870 1552 plebem,

138 1578 290 1640 Fadumque
308 1577 502 1639 Herbesumque
521 1577 589 1624 subit
606 1576 793 1640 Rhoetumque
807 1580 873 1627 Aba·

441 1667 550 1727 rituque,

140 1757 261 1818 ignaros3
274 1755 404 1803 Rhoetum
417 1755 567 1816 vigilantem
581 1761 605 1801 et
618 1760 712 1801 cuneta
725 1753 871 1814 videntem3

140 1844 184 1892 sed
198 1857 321 1904 magnum
334 1851 450 1891 metuens
464 1858 490 1891 se
503 1852 562 1905 post
575 1849 673 1890 cratera
687 1843 811 1903 tegebat:

68 1938 120 1980 345
141 1941 244 1994 pectore
257 1932 283 1978 iu
298 1932 404 1979 adverso
418 1939 500 1979 totum
514 1933 553 1979 oui
568 1932 712 1978 comminus
727 1945 819 1981 ensem

140 2021 257 2069 condidit
270 2021 418 2081 adsurgenti
432 2029 457 2068 et
470 2021 552 2067 multa
566 2027 647 2066 morte
661 2020 769 2082 recepit.

141 2123 296 2173 purpuream
316 2109 393 2156 vomit
418 2109 463 2156 ille
487 2108 601 2155 animam
621 2117 646 2155 et
665 2120 725 2154 oum
744 2110 873 2172 sanguine

442 2198 522 2245 mixta

140 2288 199 2334 vina
213 2287 289 2335 refert
300 2287 429 2345 moriens3
444 2287 486 2334 hic
499 2286 567 2332 furto
581 2285 691 2333 fervidus
705 2285 797 2333 instat.

140 2376 244 2438 iamque
258 2377 290 2423 ad
304 2376 415 2437 Messapi
429 2375 514 2423 socios
528 2374 650 2422 tendebat
663 2372 711 2434 (ibi
724 2373 816 2434 ignem

70 2469 121 2512 350
141 2464 249 2512 deficere
263 2472 406 2513 extremum
421 2471 445 2511 et
458 2463 580 2522 religatos
594 2461 641 2508 rite
655 2461 760 2509 videbat

141 2568 246 2616 carpere
259 2566 367 2615 gramen
380 2551 483 2613 equos),
499 2551 608 2598 breviter
622 2564 681 2597 curu
693 2551 759 2599 talia
773 2552 854 2602 Nisus
901 2594 904 2611 ,

39 2582 109 2786 Ι
134 2638 232 2708 (sensit
244 2644 313 2694 euim
327 2641 408 2691 nimia
421 2639 499 2689 caede
514 2649 591 2702 atque
604 2638 726 2702 cupidine
738 2638 832 2704 ferri):
901 2696 904 2701 ¹
