1816 2956
109 173 167 221 138
346 183 371 222 Ρ.
388 181 510 222 venum
529 181 660 224 MARONIS

176 340 227 390 sive
241 348 354 390 extrema
366 341 420 404 pati
434 355 481 388 nec
493 340 545 388 iam
559 343 680 390 exaudire
693 352 806 392 vocatos.

106 435 156 479 220
175 431 314 494 praecipue
326 430 384 493 pius
397 430 499 478 Aeneas
512 444 581 479 nnnc
594 431 659 479 acris
674 431 775 491 Oronti,

175 535 245 568 nunc
257 519 349 582 Amyci
363 530 452 568 casum
463 519 544 580 gemit
556 526 581 567 et
594 521 708 568 crudelia
721 536 809 570 secum

176 609 230 657 fato
241 608 305 671 Lyci
324 608 467 670 fortemque
481 605 554 669 Gyan
575 608 719 672 sortemque
733 609 893 658 Cloanthum

210 698 308 746 Etiam
321 697 378 745 finis
392 703 455 755 erut,
470 711 529 745 cum
540 697 657 760 Iuppiter
670 699 772 747 aethere
785 714 887 747 summo

176 787 313 850 dispiciens
327 802 397 835 mare
409 787 546 835 velivolum
560 793 691 849 ten-nsque
703 788 817 836 iacentes

106 882 156 926 225
176 877 304 940 litoraque
317 884 342 925 et
354 877 421 924 latos
434 876 545 938 populos
557 875 594 923 sic
607 876 701 925 vertice
715 877 779 924 caeli

176 967 290 1015 constitit
301 972 327 1014 et
339 965 436 1027 Libyae
450 963 538 1013 defixit
551 964 650 1012 lumina
663 965 758 1026 regnis.

176 1063 253 1119 atque
266 1055 341 1103 illum
353 1055 417 1102 tales
430 1054 568 1102 iactantem
581 1060 685 1116 pectore
698 1067 772 1101 curas

176 1145 273 1192 tristior
285 1150 310 1192 et
322 1143 434 1192 lacrimis
448 1144 537 1191 oeulos
551 1142 649 1190 suffusa
661 1142 765 1190 nitentis

176 1233 327 1296 adloquitur
338 1231 436 1280 Venus.
461 1221 488 1279 ‘o
506 1232 550 1295 qui
564 1245 604 1280 res
617 1231 803 1293 hominumque
817 1232 894 1279 deum

478 1335 527 1383 que

106 1416 157 1459 230
177 1411 287 1460 aeternis
300 1410 367 1472 regis
380 1409 494 1472 imperiis
508 1417 534 1459 et
545 1409 653 1459 fulmine
667 1416 754 1467 terres,

177 1500 238 1563 quid
251 1514 323 1548 meus
336 1499 438 1548 Aeneas
451 1499 478 1546 in
492 1506 520 1547 te¹
529 1499 688 1547 committere
701 1505 810 1558 tanturn,

177 1590 239 1652 quid
252 1589 333 1637 Troes
346 1596 461 1651 potuere,
477 1588 570 1650 quibus
583 1595 621 1635 tot
633 1588 725 1636 funera
737 1588 819 1649 pessis

177 1685 283 1727 cunctus
297 1678 329 1726 ob
343 1678 446 1727 Italiam
459 1684 585 1725 terrarum
598 1677 728 1725 clauditur
741 1677 829 1724 orbis?

176 1774 244 1817 certe
257 1767 318 1816 hinc
331 1767 462 1816 Romanos
476 1767 539 1814 olim
552 1765 713 1814 volventibus
726 1766 810 1823 annis,

106 1862 156 1905 235
177 1857 237 1906 hinc
250 1857 304 1905 iore
318 1858 445 1916 ductores,
461 1862 580 1904 revocato
595 1870 610 1903 a
623 1855 748 1915 sanguine
763 1855 868 1914 Teucri,

177 1946 221 2009 qui
234 1960 314 2004 mare,
330 1945 373 2008 qui
387 1954 467 1993 terras
481 1945 551 1993 omni
565 1944 667 1992 dicione
679 1951 804 2002 tenerent,

176 2034 317 2098 pollicitus,
334 2040 446 2096 queste,
461 2034 571 2094 genitor,
587 2033 715 2080 sententia
728 2033 819 2080 vertit?

177 2124 227 2172 hoc
240 2122 360 2185 equidem
373 2136 492 2170 occasum
505 2122 599 2170 Troiae
612 2122 741 2183 tristisque
756 2123 844 2170 ruinas

177 2213 289 2270 solabor,
304 2211 363 2258 iotis
377 2211 506 2259 contraria
518 2211 572 2259 fatu
584 2210 743 2273 rependens:

107 2308 157 2350 240
177 2317 246 2350 nnnc
259 2301 350 2349 eadem
363 2299 466 2347 fortuna
479 2300 545 2347 viros
559 2307 597 2347 tot
609 2298 711 2347 casibus
728 2307 800 2347 actos

177 2391 329 2453 insequitur.
350 2403 427 2451 quem
439 2390 484 2436 das
496 2389 582 2447 linem,
598 2402 755 2449 rexmegne
772 2389 893 2438 laborum

177 2481 295 2528 Antenor
307 2478 392 2540 potuit
404 2478 494 2525 mediis
508 2479 610 2540 elapsus
623 2477 729 2525 Achivis

177 2568 295 2631 Illyricos
308 2574 442 2630 penetrare
454 2567 525 2615 sinus
539 2575 616 2629 atique
629 2566 721 2614 intime
734 2573 803 2614 tutus

178 2672 258 2720 regna
271 2656 446 2704 Liburnorum
457 2661 484 2703 et
496 2656 593 2703 iontem
606 2670 728 2718 superare
740 2655 853 2716 Timavi,
