1816 2956
69 163 131 210 204
310 171 336 210 P.
353 170 474 210 VEllGlLl
495 170 626 210 MARONIS

140 328 225 392 stirpis
239 327 374 376 Achilleae
388 326 468 374 fastus
481 327 650 389 iuvenemque
663 326 811 389 superbum,

140 417 243 465 servitio
257 416 357 474 enixae,
373 416 495 476 tulimus;
516 416 560 479 qui
574 416 676 474 deinde,
692 422 793 464 secutus

141 505 271 554 Ledaeam
296 503 454 553 Hermionen
478 504 752 566 Lacedaemoniosque
783 504 871 566 hyme-

441 608 529 652 uaeas,

140 697 181 732 me
194 681 292 731 famulo
310 681 485 744 famulamque
498 681 597 730 Heleno
616 680 757 729 transmisit
774 680 872 728 haben-

37 830 40 836 ·
443 770 511 818 dam.

70 865 122 908 330
141 866 182 908 ast
192 859 268 909 illum
280 865 383 922 ereptae
395 873 491 920 magno
504 859 676 907 inflammatus
691 872 779 905 amore

142 947 259 1010 coniugis
273 955 299 996 et
310 948 435 996 scelerum
448 947 520 995 furiis
534 948 645 1008 agitatus
660 945 763 994 Orestes

141 1037 238 1100 excipit
250 1037 383 1085 incautum
396 1037 544 1099 patriasque
557 1035 695 1083 obtruncat
708 1035 740 1082 ad
754 1049 820 1081 aras.

140 1133 222 1175 morte
234 1125 398 1188 Neoptolemi
411 1140 550 1188 regnorum
563 1124 663 1172 reddita
676 1124 752 1171 cessit

141 1229 200 1277 pars
213 1213 323 1272 Heleno,
339 1213 383 1276 qui
398 1212 529 1262 Chaonios
543 1212 698 1274 cognomine
712 1227 817 1274 campos

70 1307 121 1352 335
142 1301 339 1364 Chaoniamque
352 1316 456 1349 omnem
469 1302 583 1350 Troiano
597 1317 612 1349 a
626 1300 735 1349 Chaone
748 1300 813 1347 dixit

139 1391 317 1453 Pergamaque
327 1390 486 1452 Iliacamque
499 1390 566 1452 iugis
579 1389 647 1437 hanc
661 1390 760 1437 addidit
774 1404 870 1437 arcem,

139 1481 184 1529 sed
198 1480 244 1528 tibi
259 1479 303 1542 qui
317 1494 419 1527 cursum
432 1479 509 1538 venti,
525 1493 591 1541 quae
604 1477 657 1525 fata
670 1477 779 1526 dedere?

141 1576 185 1618 aut
198 1569 317 1631 quisnam
329 1568 449 1630 ignarum
462 1567 556 1615 nostris
570 1568 632 1615 deus
646 1567 747 1629 adpulit
760 1565 831 1613 oris?

141 1657 216 1721 [quid
229 1671 293 1720 puer
305 1656 451 1705 Ascanius?
464 1655 616 1718 superatne?
635 1664 660 1703 et
672 1655 782 1703 vescitur
795 1669 868 1712 aunt,

69 1750 120 1795 340
140 1761 207 1809 quae
219 1745 265 1795 tibi
278 1745 331 1793 iam
344 1745 424 1793 Troia
436 1773 470 1780 -

140 1851 223 1898 ecqua
235 1842 321 1882 tamen
334 1848 414 1897 puero
428 1841 466 1881 est
479 1834 588 1882 amissae
602 1848 664 1881 cura
676 1831 810 1894 parentis?

141 1924 232 1987 ecquid
245 1923 273 1971 in
287 1924 421 1985 antiquam
433 1923 551 1970 virtutem
566 1922 717 1982 animosque
731 1920 809 1967 virilis

141 2020 166 2061 et
177 2019 250 2075 pater
262 2013 364 2060 Aeneas
378 2020 403 2059 et
416 2012 556 2059 avonculus
571 2011 666 2058 excitat
679 2000 813 2070 Hector?]’

141 2101 204 2149 talia
216 2100 341 2148 fundebat
353 2100 492 2148 lacrimans
505 2101 649 2161 longosque
663 2097 746 2146 ciebat

69 2194 120 2237 345
140 2189 272 2237 incassum
284 2189 366 2247 fletus,
382 2203 440 2236 cum
454 2202 508 2235 sese
522 2202 538 2235 a
550 2187 685 2235 moenibus
699 2186 774 2234 heros

140 2277 282 2325 Priamides
294 2277 382 2325 multis
395 2276 510 2324 Helenus
524 2275 705 2324 comitantibus
720 2274 803 2322 adfert

140 2366 326 2428 adgnoscitque
340 2381 400 2414 suos
413 2365 548 2426 laetusque
562 2366 593 2411 ad
607 2365 696 2412 limina
711 2363 782 2410 ducit

140 2462 164 2502 et
176 2455 286 2503 multum
299 2454 419 2502 lacrimas
432 2453 509 2502 verba
522 2454 588 2501 iuter
601 2453 704 2514 singula
717 2452 809 2498 fundit.

139 2544 251 2606 procedo
266 2550 291 2591 et
303 2557 408 2605 parvam
421 2541 526 2590 Troiam
540 2543 712 2602 simulataque
725 2541 828 2601 maguis

63 2638 120 2679 350
136 2632 268 2694 Pergama
281 2639 305 2679 ot
318 2638 433 2678 arentem
444 2629 543 2677 Xanthi
558 2629 713 2695 cognomine
727 2629 809 2676 rivom
