1816 2956
300 202 448 242 AENEIDOS
468 203 556 241 LIBER
571 203 613 241 lll.
794 194 854 240 213

57 367 111 411 560
131 362 230 424 eripite,
247 376 263 408 o
276 361 348 419 socii,
364 360 510 422 pariterque
524 360 649 420 insurgite
663 351 758 406 remis?

130 450 201 499 haud
214 451 299 503 minus
313 464 343 496 ac
355 449 418 496 iussi
432 448 545 506 faciunt,
561 448 710 511 primusque
724 449 858 495 rudentem

131 538 256 587 contorsit
269 539 354 585 laevas
368 551 472 599 proram
484 536 623 584 Palinurus
637 537 668 583 ad
682 537 781 595 undas3

130 629 230 676 laevam
243 633 337 675 cuncta
350 625 442 674 cohors
456 626 532 673 remis
544 625 678 687 ventisque
691 625 787 687 petivit.

131 717 248 765 tollimur
260 717 286 763 in
301 715 401 763 caelum
415 722 519 762 curtato
532 713 634 775 gurgite
647 721 673 760 et
685 713 753 760 idem

59 811 110 855 565
131 805 258 854 subducta
270 804 302 852 ad
316 803 399 852 manis
412 803 479 850 imos
493 802 638 850 desedimus
651 801 730 848 unda.

131 902 169 942 ter
182 893 283 955 scopuli
297 893 437 940 clamorem
450 892 517 939 inter
530 906 592 938 cava
605 905 668 937 saxa
682 890 784 945 dedere,

131 988 170 1029 ter
182 996 301 1043 spumam
315 981 405 1028 elisam
419 987 444 1027 ct
456 980 571 1027 rorantia
583 978 693 1025 vidimus
707 985 784 1026 astra.

131 1071 228 1118 interea
242 1069 321 1117 fessos
335 1077 424 1116 ventus
439 1083 496 1116 cum
510 1068 565 1116 sole
577 1067 682 1129 reliquit

131 1159 267 1220 ignarique
280 1158 336 1205 viae
350 1156 494 1219 Cyclopum
508 1156 652 1203 adlabimur
665 1155 725 1202 oris.

58 1253 111 1297 570
166 1247 259 1295 Portus
274 1246 304 1293 ab
320 1260 423 1294 accessu
436 1252 571 1293 ventorum
583 1245 696 1291 inmotus
710 1251 735 1291 et
747 1243 838 1305 ingens

132 1336 195 1398 ipse,
211 1336 256 1382 sed
269 1335 396 1382 horrificis
409 1335 482 1381 iuxta
496 1340 567 1380 tonat
580 1334 666 1381 Aetna
677 1332 767 1391 ruinis,

130 1423 311 1485 interdumque
325 1430 406 1470 atram
419 1423 563 1486 prorumpit
582 1423 614 1470 ad
628 1421 733 1469 aethera
752 1421 857 1479 nubem,

130 1512 232 1559 turbine
245 1512 387 1559 fumantem
401 1512 474 1574 piceo
488 1520 513 1559 et
526 1512 652 1559 candente
665 1511 761 1569 favilla,

130 1601 278 1662 attollitque
291 1600 383 1661 globos
396 1601 558 1647 flammarum
572 1607 597 1648 et
609 1600 695 1647 sidera
707 1599 815 1657 larnbit3

59 1693 109 1739 575
129 1688 258 1736 interdum
271 1689 393 1751 scopulos
407 1690 545 1750 avolsaque
558 1688 656 1736 viscera
668 1687 763 1734 montis

131 1777 207 1839 erigit
220 1784 338 1824 eructans
352 1777 543 1838 liquefactaque
557 1792 620 1823 saxa
633 1775 679 1823 sub
695 1790 769 1822 arrras

131 1880 189 1913 cnm
202 1865 301 1927 gemitu
314 1867 442 1927 glomerat
454 1866 588 1927 fundoque
602 1872 735 1913 exaestuat
747 1865 808 1911 imo.

130 1955 201 2003 fama
214 1961 252 2002 est
263 1953 388 2001 Enceladi
403 1961 544 2001 semustum
558 1953 665 2001 fulmine
679 1968 772 2016 corpus

130 2044 232 2106 urgueri
247 2043 315 2090 mole
328 2042 377 2089 hac
390 2042 573 2104 ingentemque
586 2043 691 2104 insuper
704 2043 816 2089 Aetnam

57 2137 109 2180 580
128 2132 269 2194 inpositam
282 2131 363 2193 ruptis
376 2131 506 2178 flammam
520 2131 637 2192 expirare
651 2131 758 2178 caminis

129 2229 155 2269 et
166 2221 262 2269 fessum
275 2220 393 2282 quotiens
407 2227 488 2266 mutet
501 2219 568 2267 latus
581 2220 717 2268 intremere
732 2234 834 2268 omnem

129 2324 260 2357 murmure
273 2308 435 2356 Trinacriam
450 2318 474 2356 et
487 2310 587 2356 caelum
601 2309 736 2357 subtexere
749 2309 829 2355 sumo.

128 2406 231 2446 noctem
244 2398 316 2446 illam
329 2397 389 2445 tecti
403 2397 472 2445 silvis
485 2397 601 2445 inmania
613 2404 728 2445 monstra

129 2486 341 2548 perferimusnec
355 2500 421 2548 (quae
434 2486 548 2534 sonitum
562 2487 604 2534 det
617 2501 695 2534 causa
707 2487 831 2534 videmus.

56 2580 107 2623 585
128 2589 189 2622 nam
208 2589 292 2637 neque
306 2583 379 2623 erant
392 2583 519 2622 astrorum
537 2576 609 2635 ignes
629 2589 677 2622 nec
696 2575 797 2622 lucidus
817 2589 858 2622 ae·

430 2663 489 2711 tbra
