1816 2956
78 138 137 187 530
315 145 341 183 Ρ.
358 143 479 183 venenu
497 142 630 182 minorue

146 303 193 351 illo
207 316 259 364 quo
272 300 384 362 primum
398 300 544 348 dominatus
557 299 640 346 Roma
653 299 780 362 superbos

182 390 289 438 mutavit
301 389 411 450 placidis
425 396 541 450 tempore
554 388 713 436 consulibus.

147 479 237 536 multo,
253 492 337 539 neque
350 477 484 535 inmeritis,
507 476 613 523 donavit
625 476 741 538 praemia
755 477 873 534 alumnis,

94 572 127 616 40
152 548 154 552 ’
182 566 298 629 praemia
310 567 438 614 Messallis
451 566 566 614 maxime
579 564 731 612 Publicolis.

147 670 208 704 nam
227 655 288 718 quid
310 669 358 716 ego
378 654 488 702 inmensi
508 667 649 702 memorem
668 654 757 702 studia
777 655 826 703 istu
843 655 875 701 le·

448 741 536 789 boris?

183 832 290 879 horrida
302 832 364 895 quid
378 833 457 879 durae
470 837 587 892 tempora
599 829 727 877 militiae?

148 925 233 968 eostre
246 920 301 966 foro
310 919 415 978 solitos,
431 919 488 966 urbi
502 925 772 982 praeponeremus,

185 1015 237 1055 tam
250 1008 341 1070 procul
354 1007 404 1055 hoc
417 1007 503 1066 Latio,
519 1015 572 1055 tam
585 1006 676 1070 procul
690 1007 741 1056 hac
756 1009 859 1070 patriai

95 1102 128 1145 45
148 1096 310 1144 inmoderate
322 1096 377 1158 peti
389 1096 442 1143 iem
455 1090 552 1157 frigora
564 1096 667 1158 iamque
681 1096 804 1145 calores?

184 1191 289 1233 stertere
300 1184 341 1232 vel
354 1185 419 1232 dura
432 1197 507 1246 posse
520 1199 597 1246 super
609 1183 700 1232 silice?

148 1288 224 1336 saepe
237 1281 335 1320 trucem
347 1273 454 1321 adverso
467 1273 566 1335 perlabi
579 1273 662 1321 sidere
675 1275 807 1335 pontum?

184 1376 261 1424 saepe
274 1375 345 1409 mare
358 1361 478 1409 audendo
491 1360 601 1420 vincere,
617 1375 695 1424 saepe
707 1362 842 1411 hiemem?

149 1465 225 1513 saepe
238 1450 316 1498 etiam
330 1450 422 1497 densos
436 1449 564 1498 inmittere
578 1465 670 1512 corpus
685 1450 711 1497 in
727 1450 827 1512 hostes,
904 1515 906 1520 ,

97 1544 129 1587 50
185 1553 348 1587 communem
360 1538 422 1586 belli
436 1553 483 1587 nec
496 1539 610 1586 timuisse
624 1539 719 1587 deum?

149 1642 217 1675 nunc
231 1628 325 1675 celeres
339 1627 426 1686 Afros,
441 1627 559 1689 periurae
572 1627 644 1674 milia
656 1627 753 1687 gentis,

184 1732 262 1765 aurea
275 1731 343 1763 nuuc
356 1716 439 1778 rapidi
451 1715 558 1762 flumina
571 1716 642 1762 edire
655 1714 742 1777 Tagi?

148 1821 217 1853 nunc
230 1805 308 1852 aliam
320 1820 353 1852 ex
366 1805 417 1852 alin
430 1804 552 1851 bellando
567 1818 689 1865 quaerere
703 1816 823 1868 gentem,

185 1895 284 1941 vincere
297 1901 323 1941 et
336 1892 433 1942 Oceani
446 1892 539 1939 finibus
557 1893 681 1940 ulterius?

97 1988 128 2030 55
149 1997 201 2029 non
215 1990 331 2028 nostrum
345 1990 382 2029 est
401 1988 497 2038 tantas,
522 1995 590 2040 non,
612 1981 730 2042 inquam,
755 1987 878 2048 attingere

449 2070 556 2128 laudos3

184 2157 246 2219 quin
260 2159 341 2205 ausim
354 2159 405 2206 hoe
418 2158 494 2206 etiam
508 2159 601 2216 dicere,
617 2158 659 2205 vix
672 2158 847 2210 hominumst.

149 2246 205 2309 ipsa
218 2247 296 2306 haec,
318 2248 374 2309 ipsa
387 2247 469 2294 ferent
487 2262 571 2294 rerum
591 2257 765 2297 monumenta
785 2268 832 2315 per
845 2267 878 2298 or·

449 2335 516 2394 bem,

184 2423 240 2486 ipsa
252 2423 299 2469 sibi
314 2424 445 2483 egregium
458 2424 526 2471 lacta
539 2424 616 2471 decus
629 2424 749 2486 parient:

149 2527 195 2559 nos
209 2527 239 2559 ea
252 2526 319 2573 qnae
332 2519 416 2558 tecum
429 2512 559 2559 finxerunt
571 2512 687 2560 carmina
702 2514 766 2573 divi,

92 2607 127 2654 60
185 2600 311 2669 Cynthius
325 2608 458 2659 utiliusne,
473 2601 592 2648 Bacchus
606 2608 631 2649 et
644 2601 751 2662 Aglaie.
