1816 2956
298 183 468 227 GEORGIGON
489 186 575 226 blena
590 187 611 227 1.
812 179 850 228 49

124 348 262 406 expectata
273 357 346 405 seges
359 343 432 391 vanis
446 343 523 390 elusit
535 343 631 392 avenis.

125 433 146 480 si
159 446 219 480 vero
232 432 377 495 viciamque
389 446 457 480 seres
470 431 599 494 vilemque
612 432 756 496 phaselum,

124 536 173 570 nec
185 519 337 568 Pelusiacae
350 534 438 568 curam
451 519 623 582 aspernabere
636 521 721 580 lentis,

125 610 195 658 haud
209 607 319 656 obscura
332 608 427 656 cadens
439 608 523 656 mittet
535 608 580 656 tibi
594 609 669 671 signa
682 609 788 669 bootes3

55 704 104 747 230
125 697 211 760 incipe
224 703 249 744 et
262 696 294 744 ad
307 696 404 744 medias
418 702 559 744 sementem
571 697 681 746 extende
694 697 809 761 pruinas.

160 785 261 834 Idcirco
275 785 350 833 certis
364 785 508 834 dimensum
520 785 636 848 partibus
649 786 738 834 orbem

125 889 171 938 per
184 874 306 922 duodena
318 872 385 935 regit
396 873 486 921 mundi
499 874 539 922 sol
553 888 644 922 aureus
658 880 737 923 astra.

126 964 241 1026 quinque
261 967 348 1010 tenent
366 961 468 1011 caelum
486 977 581 1010 zonae:
609 977 718 1024 quarum
740 977 793 1010 uua
811 977 853 1010 co-

426 1065 502 1099 rusco

126 1153 227 1202 semper
239 1139 295 1187 sole
307 1138 401 1187 rubens
415 1145 440 1187 et
452 1138 551 1186 torrida
563 1153 664 1201 semper
677 1138 709 1186 ab
722 1139 793 1200 igni3

55 1235 105 1277 235
126 1243 206 1291 quam
219 1228 314 1275 circum
328 1233 456 1275 extremae
469 1227 559 1277 dextra
571 1228 696 1291 laevaque
707 1227 851 1286 trabuntur,

126 1316 247 1366 caerulea
257 1315 345 1378 glacie
358 1314 494 1365 concre'tae
507 1323 584 1379 atque
597 1317 721 1365 imbribus
735 1316 812 1376 atris3

126 1406 174 1454 has
186 1404 254 1453 inter
265 1404 429 1466 mediamque
443 1405 509 1453 duae
521 1405 673 1453 mortalibus
688 1405 772 1468 aegris

126 1508 233 1542 munere
246 1506 384 1541 concessae
397 1492 491 1552 divom,
510 1499 535 1541 et
546 1493 588 1541 via
600 1501 670 1542 secta
683 1508 728 1557 per
741 1492 839 1551 ambas,

127 1583 227 1632 oblicus
240 1597 293 1645 qua
305 1596 332 1630 se
345 1581 478 1643 signorum
490 1589 598 1631 verteret
610 1583 683 1630 ordo,

56 1677 106 1720 240
128 1671 239 1718 mundus
251 1676 280 1717 ut
293 1670 325 1719 ad
337 1668 469 1732 Scythiam
480 1671 661 1734 Rhipaeasque
674 1671 769 1718 arduus
783 1683 853 1717 arces

128 1759 270 1821 consurgit,
285 1759 409 1822 premitur
420 1758 518 1822 Libyae
531 1752 643 1808 devexus
654 1759 682 1806 in
695 1766 803 1808 austros.

127 1848 170 1896 hic
182 1853 270 1896 vertex
282 1847 356 1895 nobis
369 1860 470 1910 semper
482 1847 598 1895 sublimis
608 1865 614 1907 ;
635 1854 662 1896 at
673 1847 748 1895 illum

128 1937 175 1985 sub
188 1935 295 1999 pedibus
308 1933 372 1998 Styx
385 1941 441 1984 atra
452 1936 522 1984 videt
534 1950 674 1999 manesque
688 1934 818 1998 profundi.

127 2037 265 2073 maxumus
277 2023 320 2072 hic
332 2024 400 2072 flexu
413 2023 518 2072 sinuoso
532 2023 642 2072 elabitur
656 2025 748 2087 anguis

57 2119 107 2162 245
128 2114 225 2163 circum
238 2127 335 2176 perque
348 2113 412 2160 duas
425 2112 452 2159 in
464 2126 563 2160 morem
576 2113 687 2160 fluminis
701 2120 794 2172 arctos,

128 2208 213 2251 arctos
227 2200 325 2251 Oceani
338 2208 480 2250 metuentes
493 2215 605 2264 aequore
619 2202 710 2263 tingui.
773 2239 776 2246 .

128 2290 192 2349 illie,
207 2295 236 2337 ut
248 2289 392 2353 perhibent,
408 2297 453 2339 aut
464 2290 618 2353 intempesta
631 2290 689 2338 silet
702 2304 764 2346 nox,

128 2393 230 2442 semper
242 2384 268 2427 et
280 2377 386 2427 obtenta
398 2379 537 2427 densantur
549 2385 625 2426 nocte
638 2377 768 2433 tenebrae,

128 2473 174 2516 aut
186 2467 253 2515 redit
265 2482 281 2515 a
293 2466 367 2514 nobis
379 2467 483 2515 Aurora
496 2466 618 2532 diemque
629 2466 753 2525 reducit3

55 2561 107 2602 250
122 2568 222 2613 uosque
234 2553 279 2600 ubi
286 2553 387 2616 primus
401 2557 476 2620 equis
493 2557 595 2611 Oriens
609 2559 726 2610 adllauit
740 2550 865 2609 aubelus,

104 2637 163 2682 1711'0
172 2651 231 2684 sera
242 2639 342 2690 rubeus
355 2649 486 2700 accendit
501 2653 618 2706 lumina
628 2652 764 2718 Vesper.
797 2690 800 2695 -

78 2712 197 2764 staremus.
716 2736 737 2782 4
