1816 2956
265 181 435 224 Gaoaalcou
454 185 538 224 LIBER
556 187 598 226 111.
791 180 827 227 97

100 341 157 389 illie
171 341 261 389 clausa
274 347 361 389 teuent
374 340 483 388 stabulis
497 350 621 402 armenta,
638 357 722 407 neque
735 344 807 392 ullae

101 436 146 478 aut
158 429 254 478 herbae
267 444 359 491 campo
374 428 499 490 adparent
512 438 556 478 ant
568 431 660 480 arbore
674 431 786 491 frendes,

100 519 146 566 sed
159 519 227 566 iacet
241 518 378 580 aggeribus
391 518 472 566 niveis
485 518 602 567 informis
616 528 641 568 et
654 521 708 568 alte

48 612 79 655 55
100 613 169 654 terra
181 607 243 668 gelu
256 605 309 654 late'
319 613 468 669 septemque
482 608 598 670 adsurgit
610 609 636 656 in
650 610 734 658 ulnas.

100 709 202 757 semper
214 695 305 753 hiems,
321 694 422 756 semper
435 696 561 758 spirantes
576 696 673 759 frigora
686 699 766 746 cauri.

100 791 156 831 tum
169 781 215 831 Sel
229 784 356 846 pallentes
369 782 438 830 haud
451 799 575 847 umquam
594 785 697 834 discutit
714 787 826 845 umbras,

99 886 149 919 uec
163 886 221 920 cnm
233 872 348 920 invectus
366 872 439 933 equis
458 875 538 920 altum
559 873 622 935 petit
641 875 760 934 aethera,
782 889 829 923 nee

402 976 459 1008 cum

99 1049 267 1112 praeeipitem
282 1047 378 1097 Oceani
393 1049 470 1097 rubro
484 1050 546 1097 lavit
560 1065 672 1112 aequore
686 1067 797 1109 currum,

49 1143 80 1185 50
100 1144 270 1186 concrescunt
282 1137 381 1184 subitae
395 1139 506 1185 currenti
520 1139 546 1185 in
560 1139 664 1188 flumine
679 1147 787 1197 crustae,

99 1227 222 1288 undaque
234 1227 286 1273 iam
300 1234 372 1287 tergo
386 1226 494 1274 ferratos
508 1227 617 1275 sustinet
631 1228 714 1286 orbae,

100 1314 229 1377 puppibus
237 1315 369 1377 illaprius,
385 1315 480 1376 patulis
495 1329 563 1362 nuuc
576 1315 679 1378 hospita
692 1317 827 1379 plaustris3

99 1417 211 1465 aeraque
225 1404 355 1452 dissiliunt
368 1403 444 1463 volgo
458 1411 591 1465 vestesque
605 1406 734 1467 rigescunt

99 1492 206 1539 indutae
220 1493 381 1554 caeduntque
395 1492 525 1540 securibus
539 1494 626 1540 umida
639 1493 698 1540 vina

49 1584 78 1628 65
100 1588 126 1628 ct
138 1587 207 1628 totae
220 1581 331 1628 solidam
344 1582 370 1627 in
384 1581 495 1642 glaciem
508 1590 604 1629 vertere
618 1583 726 1630 lacunae

98 1669 223 1731 stiriaque
235 1669 335 1732 inpexis
350 1670 464 1716 induruit
478 1669 583 1716 horrida
596 1669 691 1716 barbis,

98 1759 198 1806 interea
210 1764 265 1805 tote
280 1773 331 1805 non
345 1759 423 1805 setius
437 1772 495 1806 aere
508 1759 624 1820 ninguit:

98 1847 230 1894 intereunt
242 1847 362 1909 pecudes,
378 1853 447 1893 strant
461 1847 614 1894 circumfusa
629 1847 727 1909 pruinis

97 1949 209 1996 corpora
221 1947 317 1996 magna
329 1934 407 1982 boum
421 1935 588 1997 eortsertuque
602 1937 706 1996 agmine
720 1936 786 1983 cervi

49 2028 78 2072 te
98 2030 202 2085 torpent
214 2025 283 2072 mele
296 2038 362 2070 nova
374 2030 400 2071 et
412 2025 518 2070 summis
532 2023 574 2070 vix
588 2025 708 2071 cornibus
728 2032 824 2072 extant.

97 2111 145 2159 hos
160 2127 211 2159 non
226 2113 338 2160 inmissis
352 2112 467 2168 canibus,
485 2127 536 2158 urm
550 2113 665 2160 cassibus
680 2114 738 2161 ullis

97 2201 254 2263 puniceaeve
267 2201 366 2261 agitant
379 2201 486 2262 pavidos
500 2201 637 2249 formidine
650 2202 753 2263 pinnae,

96 2290 142 2338 sed
155 2289 251 2337 frustra
264 2289 410 2351 oppositum
424 2291 554 2337 trudentes
568 2299 672 2352 pectere
686 2298 800 2338 mentem

97 2379 241 2427 comminus
256 2378 411 2425 obtruncant
423 2379 490 2425 ferro
503 2380 666 2441 graviterque
680 2380 799 2428 rudentes

49 2473 76 2516 ῖ5
97 2468 209 2516 caedunt
222 2475 247 2514 et
260 2479 355 2526 magne
369 2466 429 2514 laeti
444 2467 558 2517 clamere
570 2476 720 2533 reportant.

91 2556 144 2614 120ss
152 2556 180 2599 in
194 2554 302 2601 defossis
314 2557 447 2618 specubus
461 2575 562 2611 secura
576 2561 626 2611 sub
644 2560 703 2608 abta

49 2638 226 2754 Votip'agunt
239 2648 308 2691 terra
324 2662 522 2720 congestaque
535 2655 650 2706 robora
663 2659 803 2708 setasque

62 2727 113 2768 erge
123 2729 168 2762 ms.
695 2739 708 2784 *ζ
