1816 2956
281 196 429 235 canarnos
452 197 539 234 traua
556 196 594 234 rx.
775 185 838 232 383

56 362 89 401 40
110 355 221 412 Aeneas,
237 354 312 415 siqua
325 354 422 400 interea
435 353 538 399 fortuna
552 352 649 410 fnisset,

109 458 159 490 neu
172 450 268 490 struere
283 443 406 489 auderent
420 441 501 488 aciem
514 456 564 488 neu
578 442 680 489 credere
694 455 800 503 camp0;

109 539 193 580 castra
205 531 283 578 modo
298 537 323 578 et
335 538 403 576 tutos
416 537 546 577 servarent
558 544 652 591 aggere
665 544 760 577 muros.

109 634 170 680 ergo
185 620 231 667 etsi
245 619 362 667 conferre
375 633 480 665 manum
493 619 577 680 pudor
593 618 683 680 iraque
701 624 839 676 monstrat,

109 708 226 755 obiciunt
238 715 326 769 portas
339 714 425 754 tamen
439 715 463 754 et
475 713 613 768 praecepta
625 706 755 754 facessunt

55 802 88 844 45
110 796 252 858 armatique
266 796 334 843 cavis
348 802 485 858 expectant
497 794 608 842 turribus
622 795 731 843 hostem.

109 884 222 943 Turnus,
236 892 264 931 ut
276 892 335 931 ante
346 885 435 931 volans
443 884 545 930 tardum
552 891 726 945 praecesserat
734 897 839 944 agmen,

109 973 199 1035 viginti
212 973 285 1021 lectis
299 972 413 1034 equitum
428 972 564 1019 comitatus
579 979 603 1020 et
615 972 672 1018 urbi

109 1062 254 1124 inprovisus
268 1061 349 1118 adest,
365 1061 473 1107 maculis
488 1075 564 1122 quern
578 1060 704 1108 Thracius
719 1059 785 1107 albis

110 1158 195 1213 portat
208 1164 288 1212 equos
302 1149 431 1210 cristaque
444 1149 508 1209 regit
520 1150 596 1209 galea
609 1163 687 1197 aurea
699 1148 785 1196 rubra.

58 1245 90 1287 50
107 1229 205 1301 ‘ecquis
225 1239 285 1296 erit,
305 1252 419 1296 mecum,
439 1238 557 1296 iuvenes,
578 1238 621 1299 qui
635 1237 732 1300 primus
746 1237 773 1284 in
795 1236 842 1283 ho·
862 1257 866 1265 ·

411 1318 502 1374 stam?

111 1431 141 1464 en
156 1416 192 1463 ait
205 1422 230 1463 et
243 1415 356 1463 iaculum
369 1423 519 1476 attorquens
534 1415 627 1462 emittit
639 1414 666 1460 in
680 1428 765 1471 auras,

110 1504 266 1567 principium
279 1518 391 1566 pugnae,
407 1511 432 1551 et
446 1517 536 1565 eampo
550 1517 605 1551 sese
619 1503 713 1550 arduos
727 1501 811 1549 infert.

110 1594 224 1641 clamore
238 1592 370 1654 excipiunt
382 1592 445 1639 socii
460 1592 614 1653 fremituque
626 1597 747 1638 secuntur

111 1682 264 1739 horrison03
285 1680 415 1728 Teucrum
427 1680 553 1727 mirantur
566 1680 659 1727 inertia
672 1679 759 1737 corda,

58 1776 90 1818 55
111 1785 163 1818 non
177 1785 260 1832 aequo
275 1769 336 1816 dare
349 1783 376 1816 se
390 1782 491 1831 campo,
507 1783 560 1815 non
573 1767 649 1815 obvia
661 1767 726 1815 serre

110 1873 183 1905 arma
194 1858 271 1917 viros,
287 1858 331 1905 sed
347 1864 431 1905 eastra
444 1858 537 1905 fovere.
568 1857 619 1904 huc
632 1855 748 1904 turbidus
762 1862 843 1918 atque

412 1946 462 1994 huc

110 2036 203 2083 lustrat
216 2049 282 2096 equo
296 2049 383 2082 muros
397 2035 547 2096 aditumque
560 2048 605 2096 per
617 2034 675 2082 avia
688 2033 796 2096 quaerit.

111 2139 141 2172 ac
154 2123 232 2171 veluti
246 2124 324 2186 pleno
338 2124 414 2186 lupus
428 2124 564 2171 insidiatus
578 2124 639 2171 ovili

111 2227 169 2260 cum
182 2212 267 2260 fremit
280 2213 312 2259 ad
327 2213 428 2271 caulas,
446 2222 535 2261 ventos
549 2226 683 2275 perpessus
697 2219 722 2259 et
734 2211 840 2267 imbrcS,

57 2307 90 2349 60
110 2309 186 2349 nocte
200 2315 278 2363 super
290 2301 392 2360 media;
413 2301 460 2349 tuti
474 2301 520 2348 sub
534 2300 658 2348 matribus
672 2301 732 2361 agni

110 2390 228 2438 balatum
241 2398 377 2449 exercent3
398 2391 443 2438 ille
457 2403 532 2451 asper
545 2395 570 2437 et
582 2387 705 2450 inprobus
719 2388 758 2435 ira

111 2479 190 2527 saevit
202 2479 229 2526 in
244 2478 371 2537 absentis3
393 2479 501 2526 collecta
514 2476 608 2539 fatigat
619 2476 720 2524 aueum

108 2569 231 2628 exlongo
245 2567 331 2616 rabies
345 2576 370 2618 et
383 2568 473 2619 siccae
488 2567 626 2631 sunguine
637 2564 752 2610 {ascesa

92 2653 166 2700 haurd
178 2655 259 2705 aliter
269 2656 376 2711 Rutulo
392 2677 493 2712 muros
507 2667 535 2711 et
550 2664 651 2708 eastra.
662 2643 761 2698 tuem&
