1816 2956
62 203 100 250 84
300 210 326 248 Ρ.
342 208 464 248 VERGILI
482 206 612 246 Mhaouls

128 367 215 416 Aonio
229 366 329 415 rediens
343 365 469 414 deducam
481 364 574 412 vertice
587 378 683 421 musas,

129 457 226 520 primus
238 456 374 504 Idumaeas
387 453 497 502 referam
510 453 565 512 tibi,
580 453 696 509 Mantua,
712 452 809 514 palmas

129 553 154 595 et
167 544 242 592 viridi
255 545 282 591 in
297 558 388 606 campo
402 543 527 604 templum
541 543 572 590 de
585 556 713 589 marmore
726 556 809 603 ponan

129 639 234 696 propter
246 647 350 695 aquarn,
365 631 446 679 tardis
459 631 549 692 ingens
565 630 606 677 ubi
620 630 728 678 flexibus
743 638 809 679 errat

78 729 109 771 15
128 722 240 770 Mincius
254 728 279 768 et
290 728 379 769 tenera
391 720 518 782 praetexit
530 719 675 766 harundine
688 719 767 780 ripas.

129 812 155 859 in
168 810 254 858 medio
266 809 330 857 mihi
345 807 441 857 Caesar
454 808 502 856 erit
515 808 689 870 templumque
703 807 808 855 tenebit.

129 900 167 947 illi
180 899 261 946 victor
273 912 322 959 ego
336 906 361 945 et
373 897 451 959 Tyrio
466 904 618 959 conspectus
631 897 657 943 in
672 902 742 943 ostro

129 994 231 1037 centum
245 986 412 1050 quadriiugos
426 985 530 1047 agitabo
544 986 576 1032 ad
590 985 698 1033 flumina
711 1000 809 1032 currus.

130 1083 223 1125 cuncta
233 1075 306 1133 mihi,
320 1075 451 1137 Alpheum
457 1074 576 1136 linquens
584 1074 809 1136 lucosqueMclon

78 1172 110 1214 20
130 1165 246 1214 cursibus
260 1172 284 1212 et
298 1163 377 1212 crudo
391 1164 511 1210 decernet
524 1160 633 1210 Graecia
647 1170 726 1211 cestu.

129 1255 184 1318 ipse
198 1259 275 1316 caput
287 1258 377 1301 tonsae
389 1251 457 1299 foliis
471 1257 577 1298 ornatus
589 1251 672 1299 olivae

130 1343 200 1390 dona
211 1341 301 1388 feram.
328 1341 380 1388 iam
392 1354 461 1386 nunc
474 1339 606 1387 sollemnis
620 1338 714 1387 ducere
727 1354 809 1402 pomp:

131 1432 163 1478 ad
177 1429 284 1478 delubra
296 1429 366 1476 iuvat
378 1443 517 1490 caesosque
531 1429 616 1476 videre
629 1428 760 1487 iuvencos,

130 1520 169 1567 vel
183 1533 276 1566 scaena
289 1524 317 1564 ut
329 1517 405 1565 versis
422 1517 538 1565 discedat
549 1517 676 1564 frontibus
689 1525 769 1579 utque

78 1613 109 1655 25
130 1622 259 1670 purpurea
272 1606 362 1653 intexti
376 1606 470 1653 tollant
483 1607 575 1654 aulaea
586 1605 714 1653 Britanni.

130 1698 155 1744 in
170 1696 267 1743 foribus
279 1708 393 1756 pugnam
407 1709 439 1741 cx
453 1709 515 1742 auro
528 1695 665 1756 solidoque
679 1695 809 1757 elephant(

130 1783 308 1846 Gangaridum
321 1783 413 1830 faciam
427 1783 581 1845 victorisque
595 1798 667 1830 arma
680 1782 792 1842 Quirini,

130 1880 207 1935 atque
220 1872 262 1920 hic
275 1872 415 1919 undantem
429 1871 498 1918 bello
512 1885 687 1932 magnumque
701 1871 809 1919 fluenter

129 1961 217 2008 Nilum
231 1975 260 2008 ac
273 1960 358 2007 navali
372 1960 499 2020 surgentis
514 1974 572 2007 aere
586 1960 729 2008 columnas.

78 2055 110 2096 30
131 2049 224 2096 addam
238 2048 312 2095 urbes
326 2048 404 2096 Asiae
419 2049 528 2095 domitas
542 2048 697 2110 pulsumque
710 2048 809 2111 Niphat

130 2138 303 2198 fidentemque
316 2137 378 2198 suga
390 2137 514 2184 Parthum
527 2137 656 2199 versisque
669 2137 771 2198 sagittis

130 2233 155 2273 et
168 2225 219 2272 duc
233 2233 306 2288 rapta
318 2239 396 2272 manu
410 2226 509 2272 diverso
522 2240 554 2273 ex
567 2225 640 2272 hoste
653 2233 762 2288 tropaea

130 2314 221 2375 bisque
233 2313 404 2375 triumphatas
416 2321 526 2376 utroque
540 2313 572 2360 ab
585 2313 661 2362 litore
674 2322 773 2374 gentes.

130 2402 234 2450 stabunt
247 2409 271 2450 et
283 2402 352 2450 Parii
366 2402 473 2464 lapidas,
489 2402 614 2464 spirantia
627 2402 710 2464 signa,

70 2496 106 2537 35
122 2491 249 2539 Assaraci
261 2491 348 2555 proles
363 2491 540 2553 demissaeque
555 2491 586 2537 ab
600 2491 659 2537 Iove
672 2491 758 2551 gentis

108 2581 226 2631 nomina
240 2584 364 2650 Trosque
379 2597 479 2648 parens
492 2577 755 2637 etTrniaeCpnthius
766 2594 809 2625 aas

92 2667 211 2724 Invidia
227 2677 331 2727 infelix
344 2676 435 2727 furias
452 2683 619 2732 amnemque
631 2678 755 2713 seuerum
