1816 2956
351 411 520 459 CIRIS.

106 535 160 582 Etsi
174 550 224 593 me,
239 535 310 583 vario
325 535 448 583 iactatum
461 536 545 583 laudis
559 551 646 584 amore

106 624 235 686 inrisoque
248 631 380 684 expertum
395 624 495 671 fallacis
509 625 624 686 praemia
637 625 716 684 vulgi,

107 710 248 774 Cecropius
261 726 350 759 suaves
364 712 485 773 expirans
499 713 616 760 hortulus
631 727 705 760 auras

105 800 219 848 florentis
232 800 304 847 viridi
319 800 426 862 sophiae
440 801 619 863 complectitur
632 801 723 849 umbra

71 894 85 937 5
105 903 154 936 nec
167 903 225 936 mea
238 889 294 950 quit
306 889 372 936 ratio
387 889 493 949 dignum
507 890 554 936 sihi
570 904 693 951 quaerere
707 904 819 948 carmen,

106 977 185 1038 longe
202 977 272 1024 aliud
293 977 405 1023 studium
419 984 496 1039 atque
509 978 575 1026 alios
589 993 655 1040 quae
668 979 784 1026 accincta
797 979 834 1027 ln·

406 1065 480 1112 heres

104 1154 183 1203 ultius
197 1154 228 1201 ud
242 1154 330 1215 magui
344 1155 461 1216 suspexit
473 1155 558 1202 sidera
573 1156 671 1214 mundi,

104 1249 131 1291 et
143 1243 265 1304 placitum
280 1243 369 1304 parteis
384 1258 447 1291 trusa
460 1250 497 1290 est
510 1244 649 1291 ascendere
662 1243 755 1290 collem
767 1259 773 1300 ;

104 1338 256 1379 nontamen
271 1331 393 1378 absistam
407 1338 526 1392 coeptum
540 1332 658 1378 detexere
671 1345 773 1388 munus,

57 1425 85 1468 lo
104 1420 131 1467 in
145 1434 197 1481 que
210 1419 265 1466 iure
278 1434 348 1467 areas
362 1420 460 1467 annam
473 1420 633 1481 requiescere
647 1434 732 1466 musas

104 1516 130 1556 et
143 1507 231 1554 leviter
244 1508 368 1556 blandum
382 1508 458 1556 liccat
472 1508 600 1570 deponere
613 1522 719 1555 morem.

103 1596 198 1658 †quod
213 1597 233 1644 si
247 1597 383 1644 mirificum
399 1631 528 1644 ........
545 1611 624 1657 genus
639 1611 727 1645 omnes

104 1684 241 1732 mirificum
254 1686 330 1733 saecli
346 1686 424 1732 modo
438 1685 471 1732 sit
483 1685 528 1732 tihi
542 1685 608 1733 velle
622 1685 729 1744 libide†

102 1774 125 1822 si
137 1788 179 1822 me
192 1775 244 1821 iarn
258 1790 358 1822 summa
371 1774 498 1836 sapientia
511 1781 635 1834 pangeret
648 1789 714 1831 arce,

57 1867 82 1912 25
101 1869 224 1926 quattuor
236 1863 348 1925 antiquis
363 1878 429 1924 quae
442 1863 578 1910 heredibus
593 1870 630 1910 est
644 1863 830 1920 duracensem,

102 1952 172 1999 unde
184 1951 319 1998 hominum
332 1965 431 1998 errores
444 1952 522 2012 longe
536 1952 638 2012 lateque
652 1965 697 2013 per
710 1951 798 1998 orbem

103 2041 234 2103 despicere
248 2047 325 2102 atque
338 2040 447 2087 humiles
460 2055 561 2102 possem
573 2049 736 2087 contemnere
746 2055 829 2099 curas,

102 2142 155 2177 nen
168 2143 217 2190 ego
230 2136 255 2176 te
268 2130 346 2176 talem
359 2143 493 2176 venerarer
506 2144 611 2176 munere
626 2128 680 2185 tali,

102 2232 153 2264 non
168 2218 297 2280 equidem,
314 2217 429 2279 quamvis
443 2217 571 2264 interdum
586 2217 673 2264 ludcrc
687 2217 761 2264 nohis

57 2310 83 2353 to
102 2313 127 2354 et
140 2307 264 2367 gracilem
277 2306 349 2353 molli
363 2306 440 2353 licent
453 2306 518 2368 pede
533 2307 651 2354 claudere
664 2321 780 2364 versurn3

102 2395 147 2442 sed
161 2408 257 2455 magno
270 2394 397 2452 intexens,
413 2395 432 2441 si
448 2395 485 2442 l’us
500 2402 537 2442 est
551 2395 643 2452 dicere,
659 2395 745 2457 peplo,

102 2483 186 2545 qualis
199 2483 350 2530 Erechtheis
364 2483 425 2530 elim
439 2489 555 2545 portatur
569 2482 687 2540 Athenis,

101 2571 189 2619 debita
202 2586 260 2619 cum
274 2579 359 2620 castae
372 2573 507 2620 solvuntur
518 2579 576 2619 vota
590 2572 719 2618 Minervae

101 2660 227 2723 tardeque
241 2660 358 2709 confecto
372 2661 480 2708 redeunt
493 2660 670 2723 quinquennia
683 2661 774 2719 lustru,
