1816 2956
60 197 95 246 18
295 205 320 246 P.
338 204 459 246 unacum
480 203 610 246 MARONIS

92 369 106 412 5
126 364 178 412 sive
191 363 237 411 sub
251 363 361 412 incertas
376 362 493 424 zephyris
505 362 663 410 motantibus
676 362 794 423 umbras,

126 453 178 500 eive
191 459 265 499 antro
277 451 362 515 potius
376 451 545 499 succedimus.
574 451 659 514 aspice
672 458 702 498 ut
714 459 819 500 autrum

127 541 248 588 silvestris
261 540 325 587 raris
338 539 432 601 sparsit
444 538 564 587 labrusca
576 539 694 587 racemis.

76 627 80 634 ’
126 644 172 677 ua.
192 628 325 676 Montibus
338 627 365 675 iu
378 627 472 675 nostris
486 628 556 675 solus
570 627 615 674 tibi
629 628 845 692 certatAmyntar.

127 731 175 764 uo.
197 715 281 776 Quid,
303 716 323 763 si
342 716 411 763 idem
431 722 509 764 certet
521 714 655 764 Phoebum
673 731 798 778 superare
815 731 847 766 cu·

426 802 529 851 nendo?

77 899 107 942 10
127 909 172 942 ran.
193 892 290 955 Incipe,
300 891 398 953 Mopse,
412 891 491 953 prior,
505 891 593 953 siquos
601 892 783 954 autPhyllidis
790 891 846 956 ignit

127 989 171 1029 aut
183 981 292 1029 Alconis
305 979 385 1028 habes
398 980 488 1028 laudes
501 986 546 1027 aut
558 981 642 1042 iurgia
656 978 748 1029 Codri.

126 1070 227 1131 incipe3
247 1069 376 1132 pascentis
389 1068 500 1116 servabit
512 1068 615 1131 Tityrus
629 1069 736 1116 haedos.

126 1173 174 1206 iro.
195 1157 278 1205 Immo
291 1158 370 1215 hacc,
390 1157 417 1203 in
430 1157 504 1205 viridi
519 1171 600 1219 nuper
612 1171 679 1219 quae
693 1158 792 1207 cortice
804 1155 845 1218 sagi

129 1247 244 1296 carmina
257 1245 380 1307 descripsi
394 1252 418 1292 et
430 1245 567 1293 modulans
581 1246 679 1293 alterna
692 1247 791 1306 notavi,

79 1341 108 1384 15
128 1335 255 1397 experiar.
283 1340 310 1380 tu
324 1333 417 1381 deinde
430 1332 517 1381 iubeto
531 1340 559 1380 ut
572 1340 650 1381 certet
662 1333 801 1395 Amyntas,

128 1439 173 1470 un.
196 1423 280 1470 Lenta
292 1421 359 1468 salix
372 1427 497 1482 quantum
510 1420 617 1482 pallenti
632 1421 699 1468 cedit
711 1422 807 1482 olivae,

128 1510 243 1573 puniceis
256 1509 360 1557 humilis
374 1515 499 1570 quantum
512 1509 629 1557 saliunca
641 1509 743 1570 rosetis,

128 1598 224 1647 iudicio
238 1604 326 1645 nostro
340 1603 439 1644 tantum
453 1596 499 1643 tibi
513 1597 580 1645 cedit
592 1597 728 1659 Amyntas.

128 1701 175 1734 uc.
198 1684 283 1734 Sedtu
296 1686 383 1750 desipe
394 1685 478 1747 plura,
493 1700 571 1748 puer3
586 1686 757 1734 successimus
771 1694 844 1735 anuo·

77 1779 109 1822 20
164 1775 312 1822 Extinctum
325 1773 453 1835 nymphae
467 1774 563 1822 crudeli
577 1774 665 1821 funere
678 1773 813 1836 Daphnim

128 1863 223 1911 flebant
236 1862 291 1925 (vos
306 1862 385 1923 coryli
399 1867 475 1909 testes
488 1869 514 1909 et
525 1862 631 1909 flumina
644 1863 778 1926 nymphis)

129 1967 188 2000 cum
201 1951 328 2012 conplexa
340 1949 379 1997 sui
394 1964 486 2013 corpus
500 1949 644 1998 miserabile
658 1951 712 1997 nati

129 2048 206 2102 atque
220 2042 281 2089 deos
294 2048 371 2102 atque
385 2047 453 2086 astra
465 2045 540 2086 vocat
552 2038 668 2086 crudelia
680 2045 774 2086 mater.

128 2143 180 2175 uon
194 2130 240 2177 ulli
254 2136 341 2191 pastos
354 2127 406 2174 illis
419 2141 493 2188 egere
507 2126 596 2174 diebus

77 2221 108 2263 25
129 2216 238 2278 frigida,
264 2216 386 2279 Daphni,
413 2215 490 2263 boves
510 2215 542 2262 ad
561 2214 683 2271 flumina,
712 2216 788 2264 nullu
810 2225 847 2261 uec

429 2317 531 2351 amnem

130 2393 218 2440 libavit
230 2393 377 2455 quadrupes
389 2406 437 2439 nec
450 2390 574 2452 graminis
587 2390 671 2451 attigit
684 2389 802 2438 herbam.

128 2480 244 2543 Daphni,
260 2488 331 2528 tuum
344 2481 447 2528 Poenos
460 2480 538 2527 etiam
551 2479 706 2539 ingemuisse
720 2479 810 2528 leones

114 2568 255 2620 rhterimru
269 2572 428 2636 montesque
441 2569 490 2619 leri
502 2569 634 2630 siluaeque
642 2567 778 2613 locuntur.

99 2654 234 2722 Daphnis
250 2671 275 2715 et
288 2664 442 2716 Armenias
456 2675 541 2713 curru
552 2655 716 2711 sulo'iau‘ttm
726 2651 805 2707 ugus
