1816 2956
116 180 178 227 450
354 187 380 225 Ρ.
398 186 518 225 VERGILI
538 186 669 226 MARONIS

185 344 259 392 turba
273 343 379 406 ducum)
394 343 568 404 sicincipiens
582 342 699 389 hortatur
712 345 824 392 ovantis.

180 423 305 480 ‘maxima
318 446 358 479 res
371 431 471 488 effecta,
487 432 550 490 viri3
571 432 647 478 timor
660 431 744 478 omnis
758 431 862 494 abesto,

135 528 162 570 15
184 521 253 585 quod
267 527 397 582 superest3
412 519 475 567 haec
489 527 548 566 sunt
560 505 682 581 spolia‘et
694 520 795 582 derege
804 523 898 586 superb

184 610 311 673 primitiae
324 607 494 669 manibusque
507 608 570 655 meis
583 608 724 656 Mezentius
738 609 781 657 hic
795 619 845 658 est.

183 713 253 747 nunc
266 698 313 746 iter
328 697 358 744 ad
373 710 459 757 regem
473 697 547 743 nobis
561 710 701 758 murosque
715 695 837 746 Latinos.

184 802 256 836 arma
268 792 357 849 parate
371 785 462 832 animis
476 792 500 832 et
513 799 557 846 spe
570 785 726 846 praesumite
740 784 851 846 bellurn,

154 897 157 901 ⁴
183 891 269 938 nequa
281 889 354 922 more
368 874 481 934 ignaros,
498 873 540 920 ubi
554 874 666 935 primum
679 873 775 922 vellere
788 876 868 937 signa

131 971 164 1012 20
184 963 322 1013 ednuerint
335 962 420 1025 superi
434 961 580 1024 pubemque
593 962 702 1009 educere
716 962 818 1023 eastris,

183 1051 299 1115 inpediat
311 1051 428 1112 segnisve
441 1057 511 1098 metu
524 1049 650 1097 sententia
663 1050 755 1097 tardet.

182 1142 280 1189 interea
293 1139 377 1187 socios
391 1138 577 1199 inhumataque
591 1153 700 1201 corpora
713 1145 798 1188 terrae

182 1229 343 1286 mandemus,
366 1226 410 1289 qui
423 1226 493 1274 solus
506 1225 588 1274 honos
602 1226 750 1274 Acheronte
763 1228 813 1275 sub
828 1230 897 1279 imos

181 1308 234 1376 ite‚’
248 1317 292 1375 ait,
304 1306 432 1377 ‘egregias
447 1315 555 1373 animas,
571 1323 637 1376 qua‘e
651 1315 779 1375 sanguine
794 1319 873 1367 nobis

129 1412 162 1454 25
182 1406 250 1454 hanc
262 1405 373 1468 patriam
385 1418 507 1467 peperere
520 1418 576 1461 suo,
592 1403 712 1451 decorate
725 1407 857 1466 supremis

181 1495 329 1542 muneribus
342 1499 517 1554 maestamque
530 1491 644 1538 Euandri
658 1490 756 1553 primus
775 1495 810 1541 ad
825 1496 898 1546 urber

182 1584 298 1631 mittatur
309 1581 407 1637 Pallas,
423 1595 499 1642 quem
513 1594 565 1626 non
578 1580 677 1626 virtutis
691 1588 814 1640 egentem

182 1671 288 1719 abstulit
301 1677 356 1717 atra
369 1669 423 1716 dies
437 1677 462 1717 et
474 1670 563 1717 funere
576 1669 665 1716 mersit
677 1661 793 1716 acerbo.’

218 1759 261 1807 Sic
274 1760 311 1807 ait
320 1758 485 1806 inlacrimans
493 1758 635 1819 recipitque
642 1757 674 1805 ad
684 1756 776 1803 limine
784 1773 898 1818 gressum

128 1854 162 1897 ³0
182 1863 275 1910 corpus
288 1846 331 1894 ubi
345 1847 457 1894 exanimi
471 1846 583 1909 positum
597 1844 723 1892 Pallantis
736 1847 854 1896 Acoetes

181 1935 298 1985 servabat
310 1935 405 1992 senior,
421 1935 465 1996 qui
479 1934 617 1981 Parrhasio
630 1933 753 1980 Euandro

180 2023 292 2084 armiger
304 2031 363 2071 ante
376 2023 433 2080 fuit,
448 2023 492 2070 sed
506 2037 559 2069 non
572 2021 689 2069 felicibus
703 2035 789 2082 aeque

180 2120 234 2159 tum
248 2126 333 2160 comes
347 2111 468 2173 auspiciis
483 2125 541 2158 caro
556 2111 630 2157 datus
643 2109 697 2156 ibat
710 2109 833 2160 alumno.

180 2201 277 2248 circum
285 2201 368 2248 omnis
377 2200 553 2262 famulumque
561 2213 653 2246 manus
661 2197 834 2262 Troianaque
843 2203 897 2250 turb

126 2295 159 2337 35
180 2295 205 2336 et
217 2296 342 2337 meestum
355 2288 450 2336 Iliades
464 2288 561 2335 crinem
574 2286 605 2333 de
618 2300 689 2332 more
703 2286 819 2337 solutae.

180 2384 208 2425 ut
220 2391 280 2425 vero
293 2380 396 2425 Aeneas
409 2376 507 2423 foribus
520 2388 576 2422 sese
589 2373 677 2421 intulit
689 2374 758 2433 altis,

179 2466 310 2527 ingentem
323 2465 448 2526 gemitum
460 2463 541 2512 tunsis
556 2463 588 2511 ad
603 2462 687 2509 sidera
700 2464 802 2513 tollunt

180 2554 326 2616 pectoribus
339 2559 489 2614 maestoque
502 2551 613 2612 inmugit
625 2551 696 2610 regia
710 2551 793 2601 luctn.

177 2643 242 2709 ipse,
259 2650 336 2707 eaput
348 2639 414 2688 nivei
429 2634 521 2687 fultum
534 2639 660 2687 Pallantis
673 2646 699 2687 et
712 2655 760 2689 ora
