1816 2956
303 186 472 228 enoedrcou
490 189 578 229 mene
595 191 616 229 1.
817 185 853 232 51

129 345 330 407 eumenidesque
343 351 430 404 setee3
451 353 505 393 turn
518 353 593 409 partu
606 347 687 395 Terra
700 348 812 397 nefando

129 433 281 495 Coeumque
293 433 462 497 Iapetumque
480 442 551 482 creet
566 450 720 498 suevumque
733 438 858 501 Typhoea

58 528 109 570 280
129 529 154 571 et
168 522 316 570 coniuratos
330 523 430 570 caelum
443 524 589 572 rescindere
602 524 706 572 fratres:

129 617 169 660 ter
180 616 240 659 sunt
252 611 339 659 conati
352 611 476 674 inponere
489 611 562 660 Pelio
577 611 669 660 Ossam

129 701 229 749 scilicet
247 706 324 762 atque
344 699 424 748 Ossae
447 699 598 749 frondosum
617 701 748 750 involvere
768 701 856 765 Olym·

431 804 501 851 pum,

129 885 168 926 ter
180 883 253 939 peter
266 883 395 925 extructos
409 877 510 926 disiecit
522 878 630 926 fulmine
644 880 747 926 montis.

129 973 248 1028 septuma
260 972 319 1027 post
331 967 466 1014 decumam
479 966 542 1014 felix
554 973 580 1014 et
592 982 688 1030 ponere
699 968 776 1016 vitem

58 1060 109 1103 285
130 1061 156 1102 et
168 1067 275 1117 prensos
288 1054 414 1102 domitare
427 1054 504 1103 boves
519 1061 544 1103 et
556 1055 617 1102 licie
630 1056 697 1103 telae

130 1143 234 1192 addere.
262 1156 332 1206 none
345 1142 421 1204 fugae
434 1144 535 1200 melior,
552 1143 682 1191 contrarie
694 1144 776 1192 furtis,

165 1231 249 1279 Multa
262 1232 327 1278 adeo
340 1231 428 1292 gelida
440 1233 532 1281 melius
546 1247 573 1281 se
586 1239 662 1280 nocte
675 1232 777 1292 dedere,

130 1327 176 1368 eut
188 1335 246 1368 cum
259 1320 314 1368 sole
326 1334 393 1367 novo
407 1325 487 1369 terres
500 1321 599 1369 inrorat
611 1336 681 1369 eous.

131 1416 208 1458 nocte
221 1410 288 1457 leves
301 1409 393 1456 melius
407 1409 526 1471 stipulae,
542 1417 618 1458 nocte
632 1411 705 1458 eride
717 1417 792 1473 pratu

59 1505 110 1547 290
131 1499 277 1556 tondentur,
293 1504 381 1546 noctes
395 1499 478 1546 lentus
492 1512 544 1545 non
558 1499 644 1546 delicit
657 1513 739 1546 umor.

131 1594 156 1634 et
169 1587 274 1648 quidam
287 1598 357 1635 seros
370 1585 471 1634 hiberni
485 1587 517 1635 ed
532 1587 636 1635 luminis
649 1587 723 1648 ignes

130 1675 268 1738 pervigilat
280 1674 399 1736 ferroque
413 1675 481 1724 feces
494 1676 605 1740 inspicat
617 1683 710 1735 ecut03

130 1765 230 1812 interea
243 1763 351 1824 longum
365 1770 442 1812 cantu
455 1764 540 1811 solute
553 1763 669 1812 laborem

131 1859 223 1914 arguto
236 1852 350 1900 coniunx
363 1852 488 1915 percurrit
500 1853 600 1914 pectine
614 1852 687 1910 telus,

59 1949 110 1991 295
131 1948 176 1990 aut
189 1941 272 1989 dulcis
286 1941 360 1988 musti
376 1941 493 1988 Volcano
508 1941 628 2002 decoquit
642 1954 757 1987 umorem

130 2038 156 2080 et
169 2030 238 2078 foliis
251 2030 348 2077 undam
361 2029 454 2091 trepidi
469 2030 605 2091 despumat
617 2029 683 2076 aeni.

131 2127 158 2168 at
169 2118 314 2166 rubicunde
328 2117 405 2167 Ceres
418 2118 503 2165 medio
517 2118 657 2166 succiditur
671 2123 742 2165 aestu

131 2216 156 2257 et
169 2208 254 2256 medio
269 2213 347 2255 tostas
362 2213 433 2255 aestu
447 2207 506 2255 terit
518 2222 579 2255 eree
592 2206 685 2267 fruges.

132 2297 217 2344 nudus
231 2307 285 2355 era,
301 2310 356 2344 sere
369 2296 470 2354 nudus;
485 2296 566 2344 hierus
580 2295 790 2356 ignavecolono.

60 2394 111 2436 300
131 2383 271 2448 frigoribus
285 2392 359 2446 parto
373 2385 504 2446 agricolae
516 2386 668 2448 plerumque
681 2383 800 2429 fruuntur

130 2482 272 2536 mutuaque
285 2473 351 2522 inter
363 2488 390 2522 se
402 2475 464 2524 laeti
479 2474 599 2525 conviviu
612 2480 716 2525 curent.

120 2562 214 2607 mmai
221 2562 335 2620 genialis
347 2563 434 2620 biems
450 2584 588 2636 curasque
602 2566 730 2626 resoluit,
