1816 2956
40 134 43 140 ¹
62 157 121 203 ⁴02
301 167 328 206 r.
344 166 466 206 runcum
486 164 616 205 nuncius

130 323 250 385 princeps
263 324 396 371 ardentem
410 322 520 370 coniecit
532 321 655 384 lampada
666 319 783 380 Turnus,

131 420 155 458 et
168 411 299 458 flammam
312 411 402 458 adfixit
415 411 488 458 lateri
499 427 506 469 3
526 424 594 473 quae
606 410 719 472 plurimu
731 420 810 458 vento

131 499 256 561 corripuit
268 498 370 547 tabulas
383 507 408 548 et
420 499 537 562 postibus
549 498 633 546 haesit
645 498 741 546 adesis.

61 592 110 634 535
131 586 225 634 turbati
239 587 367 649 trepidare
379 588 449 635 iutus
462 587 608 649 frustraque
619 587 752 635 malorum

131 676 195 722 velle
209 674 306 736 sugam.
335 677 396 722 dum
413 690 441 723 se
453 676 599 737 glomerant
612 685 735 745 retroque
748 676 861 725 residunt

130 764 157 810 in
170 772 270 826 purtem
283 778 350 826 quae
363 773 434 826 pestc
447 772 525 821 curet,
541 772 595 811 tum
608 763 725 826 pondere
739 765 817 813 turris

131 852 267 914 procubuit
279 852 365 900 subito
378 860 403 900 et
416 853 516 900 caelum
529 859 603 899 tonut
615 865 693 900 omne
707 852 822 915 fragore.

129 941 270 988 semineces
284 942 316 988 ud
330 949 433 999 terram,
448 940 547 986 inmani
560 940 629 987 mole
641 948 742 1000 secuta,

61 1033 110 1076 540
131 1029 277 1091 confixique
290 1029 342 1077 suis
356 1030 413 1077 telis
427 1039 452 1077 et
465 1038 569 1091 pectora
583 1028 648 1075 duro

130 1117 263 1166 transfossi
278 1118 350 1178 ligno
363 1119 478 1165 veniunt.
506 1116 548 1163 vix
561 1131 627 1163 unus
641 1115 761 1166 Helenor

132 1213 157 1253 et
169 1205 253 1267 Lycus
267 1205 363 1267 clapsi:
386 1220 496 1268 quorum
509 1205 652 1267 primaevos
665 1203 794 1268 Helenor,

132 1293 253 1341 Maeonio
266 1294 320 1354 regi
335 1308 411 1355 quem
424 1307 497 1342 serva
510 1293 646 1356 Licymnia
659 1293 751 1344 furtim

132 1383 270 1431 sustulerat
282 1382 416 1444 vetitisque
430 1383 462 1428 ud
475 1381 581 1429 Troiam
594 1381 700 1430 miserat
713 1387 805 1449 armis,

63 1474 112 1517 545
132 1485 192 1518 eusc
206 1470 268 1517 levis
282 1471 351 1517 undo
365 1485 506 1532 parmaque
519 1471 645 1533 inglorius
659 1472 731 1520 albu.

132 1559 205 1620 isque
220 1558 261 1605 ubi
276 1572 302 1606 se
315 1558 396 1604 Turni
410 1559 496 1606 media
509 1560 575 1607 inter
587 1559 661 1607 milio
673 1560 749 1621 uidit,
788 1569 802 1588 ·

132 1645 192 1694 hinc
206 1647 273 1694 acies
286 1654 362 1708 atque
376 1648 436 1695 hino
450 1649 517 1696 acies
531 1649 632 1696 adstare
644 1647 768 1709 Latinus,

132 1743 159 1781 nt
173 1735 226 1783 scra
239 1750 305 1797 quae
319 1736 398 1783 densa
410 1745 548 1783 venantum
561 1744 650 1798 saepta
663 1750 767 1787 corona

132 1833 222 1871 contra
235 1825 285 1870 tela
298 1824 359 1870 furit
372 1839 479 1885 seseque
492 1825 561 1872 haud
576 1825 663 1873 nescia
676 1828 757 1874 morti

62 1915 112 1956 550
132 1910 204 1958 inicit
217 1920 242 1958 et
255 1913 321 1959 saltu
334 1927 412 1974 supra
424 1913 551 1960 venabula
564 1913 652 1971 fertur,

132 1998 200 2046 haud
215 2000 289 2047 aliter
302 2000 399 2048 iuvenis
413 2002 511 2048 medios
525 2003 662 2049 moriturus
676 2001 701 2047 in
718 2003 806 2054 hostis

131 2087 210 2134 inruit
223 2095 247 2134 ct
260 2102 312 2148 <rua
325 2089 376 2135 tela
389 2089 456 2136 videt
469 2089 621 2136 densissima
634 2091 728 2138 tendit.

131 2183 157 2221 ut
171 2175 277 2236 pedibus
291 2176 368 2237 longe
381 2178 473 2224 molior
485 2176 569 2238 Lycus
582 2178 649 2225 inter
662 2189 686 2225 et
700 2178 789 2230 hostis

130 2263 196 2310 inter
210 2272 234 2310 ct
247 2278 319 2310 erma
332 2265 393 2326 fuga
406 2281 493 2312 muros
507 2272 576 2312 tonet
589 2266 694 2326 ultaque
708 2278 796 2319 certat

61 2356 110 2398 555
131 2351 255 2413 prendere
268 2359 334 2400 tecto
348 2369 425 2400 mauu
439 2354 589 2414 sociumquc
603 2353 733 2415 attingere
748 2359 863 2409 dextras.

131 2454 206 2502 quem
220 2439 322 2487 Turnus
336 2441 430 2501 pariter
444 2456 519 2488 cursu
533 2442 636 2502 teloque
650 2454 757 2493 secutus

123 2531 247 2596 increpat
261 2529 300 2578 his
314 2518 566 2587 uictor,‘nostrusue
577 2529 694 2584 esuriere„
706 2532 829 2594 (leniens,

114 2623 236 2690 sperasti
253 2633 278 2674 te
292 2635 374 2688 posse
388 2606 512 2666 innnus‘t'
536 2613 616 2660 s'unul
627 2611 822 2669 urixuxt'tusuux
