1816 2956
27 260 42 311 h
255 202 404 242 aunsinos
424 201 511 240 urana
528 201 557 239 v.
742 191 802 239 265

32 314 131 431 ”fitam
144 370 215 410 sutus
229 361 346 409 Anchisa
359 367 458 407 caestus
471 366 544 420 pater
556 359 637 406 exulit
651 373 747 422 aequos

27 458 56 501 25
76 458 103 501 et
114 451 221 515 paribus
234 451 334 512 palmas
349 448 483 495 amborum
496 448 613 494 innexuit
626 448 712 495 armis.

76 541 193 589 concutit
205 540 232 586 in
246 539 341 599 digitos
355 536 483 598 extemplo
497 544 610 584 arrectus
622 544 730 600 uterque

76 629 252 692 bracchiaque
266 627 299 674 ad
313 640 420 688 superas
433 625 562 673 interritus
576 627 668 674 extulit
681 642 766 674 auras.

76 719 211 767 abduxere
224 724 292 764 retro
306 717 384 775 longe
398 714 483 776 capita
496 714 576 761 ardua
589 714 620 761 ab
633 716 686 763 ictu

75 808 266 868 inmiscentque
285 818 377 852 manus
396 802 515 850 manibus
534 818 701 867 pugnamque
725 806 805 854 laces·

380 898 447 938 sunt.

74 985 122 1034 ille
134 985 231 1047 pedum
244 983 337 1030 melior
350 988 421 1028 niotn
435 979 565 1042 fretusque
577 981 689 1039 iuventa,

74 1072 119 1121 hic
132 1072 254 1120 memhris
268 1079 293 1119 et
306 1071 375 1118 mole
387 1069 484 1125 valens,
499 1069 543 1116 sed
558 1071 632 1117 tarda
645 1071 762 1120 trementi

93 1176 163 1210 enua
176 1161 280 1218 labant,
296 1167 381 1207 vastos
395 1158 477 1221 ‹pnrttit
491 1173 568 1219 aegei·
581 1159 709 1207 anhelitus
723 1168 801 1208 artus.

103 1251 158 1298 ulta
172 1250 218 1297 viri
232 1250 390 1312 nequiquam
404 1248 470 1295 inter
482 1262 509 1295 se
522 1249 627 1296 volnera
639 1249 744 1308 iactant,

103 1339 159 1386 ulta
173 1354 235 1386 cavo
249 1339 323 1385 lateri
336 1337 497 1397 ingeminant
510 1344 535 1384 et
547 1346 649 1399 pectore
662 1345 747 1385 vastos

27 1433 56 1477 35
95 1434 142 1475 ent
153 1428 262 1485 sonitus,
279 1435 397 1488 erratque
410 1426 479 1472 auris
493 1433 518 1473 et
531 1434 648 1489 tempora
660 1427 756 1475 circum

104 1515 168 1564 ebra
180 1530 281 1572 manns,
297 1516 361 1562 duro
375 1516 502 1577 crepitant
514 1516 561 1563 suh
575 1517 678 1564 volnere
690 1517 783 1564 malae.

88 1612 128 1652 tat
139 1604 224 1666 gravis
237 1603 353 1651 Entellus
368 1605 477 1666 nisuque
490 1605 604 1652 inmotus
617 1607 709 1653 eodem

75 1708 186 1756 corpore
199 1694 251 1741 tela
264 1693 342 1740 missio
356 1702 433 1756 atque
447 1695 528 1743 oculis
542 1695 708 1757 vigilantibus
722 1695 784 1742 exit.

75 1783 131 1841 ille,
146 1783 216 1829 velut
229 1783 323 1829 celsam
337 1792 471 1844 oppugnat
484 1785 528 1847 qui
543 1785 655 1833 molibus
669 1784 759 1832 urbem

75 1877 121 1919 aut
133 1879 259 1918 montana
271 1871 341 1919 sedet
355 1872 450 1919 circum
465 1874 572 1921 castella
584 1875 631 1922 sub
645 1875 732 1932 armis,

74 1959 214 2017 panchea,
231 1973 299 2007 nuuc
312 1959 371 2007 illos
385 1960 469 2009 aditus
482 1977 637 2027 omnemque
650 1972 765 2027 pererrat

75 2055 130 2097 arte
143 2049 229 2097 locum
243 2057 268 2096 et
280 2049 356 2095 variis
370 2050 513 2098 adsultibus
526 2052 617 2102 inritus
631 2063 731 2115 urguet.

75 2139 190 2186 ostendit
203 2138 319 2211 dextram
332 2138 467 2199 insurgens
480 2140 597 2189 Entellus
611 2150 637 2191 et
649 2144 700 2191 alte

75 2227 183 2276 extulit:
204 2226 249 2274 ille
262 2226 341 2274 ictum
355 2227 498 2276 venientem
512 2231 633 2280 avertice
647 2233 722 2280 velox

27 2321 54 2367 t5
76 2316 202 2379 praevidit
215 2314 343 2376 celerique
357 2316 459 2378 elapsus
474 2332 581 2381 corpore
596 2322 686 2380 cessi13

74 2405 192 2452 Entellus
206 2404 271 2450 vires
284 2403 311 2450 in
324 2412 427 2452 ventum
440 2406 530 2454 effudit
543 2415 567 2456 et
580 2411 649 2457 ultro

74 2495 130 2556 ipse
143 2493 228 2554 gravis
241 2494 403 2555 graviterque
416 2495 449 2542 ad
463 2502 555 2544 terram
569 2501 682 2560 pondere
696 2508 768 2549 vasto

76 2582 192 2631 concidit
205 2589 233 2628 ut
247 2582 379 2644 quondam
392 2598 454 2630 cava
467 2587 581 2634 concidit
593 2597 638 2636 aut
645 2589 805 2652 Erymantho

75 2679 121 2718 aut
133 2670 181 2718 ida
192 2670 219 2716 in
232 2685 328 2732 magna
340 2671 473 2722 radicibus
486 2683 564 2726 eruta
574 2677 669 2741 pinus.
793 2678 825 2739 K
