1816 2956
308 177 455 218 Anusroos
475 178 563 217 crosa
579 177 622 217 111.
801 167 860 215 201

131 326 241 386 ‘bellurn
254 335 331 384 etiam
344 349 391 398 pro
405 335 483 383 caede
496 334 575 382 boum
588 334 723 396 stratisque
740 333 865 392 iuvencis,

133 423 384 480 Laomedontiadae,
399 423 531 471 bellumne
543 421 637 470 inferre
650 422 745 484 paratis

134 521 159 563 et
171 512 255 576 patrio
269 511 390 575 harpyias
402 511 512 563 insontis
526 512 623 573 pellere
635 512 734 573 regno?

59 608 113 651 250
132 601 244 664 accipite
256 614 319 661 ergo
332 599 425 648 animis
439 609 516 662 atque
529 599 593 648 haec
606 613 664 649 mee
677 599 747 661 figite
760 600 837 650 dicta.

51 722 53 727 ·
133 705 201 753 quae
224 689 331 737 Phoebo
357 696 430 751 pater
455 689 633 750 omnipotens,
661 688 724 736 mihi
743 688 867 737 Phoebus

434 777 458 825 A
479 777 534 825 ollo

43 929 45 933 ι
131 866 271 930 praedixit,
287 865 359 913 vobis
372 792 497 913 furiarrim
511 879 559 926 ego
573 865 687 912 maxima
700 865 795 927 pando.

132 956 237 1005 ltaliam
250 969 327 1003 cursu
340 953 435 1016 petitis,
450 954 583 1015 ventisque
596 953 693 1002 vocatis

131 1044 202 1093 ibitis
214 1043 318 1092 Italiam
331 1050 473 1105 portusque
487 1043 583 1090 intrare
596 1041 697 1100 licebit;

59 1139 111 1182 255
131 1134 176 1182 sed
190 1139 316 1181 nonanto
330 1132 417 1179 datum
431 1131 538 1191 cingetis
551 1131 685 1178 moenibus
699 1130 788 1178 urbem

132 1236 212 1284 qnam
226 1235 269 1268 vos
284 1220 339 1267 dira
352 1219 433 1267 sames
447 1227 600 1281 nostraeque
614 1219 709 1266 iniuria
722 1218 807 1267 caedis

131 1309 248 1359 ambesas
262 1309 366 1370 subigat
378 1308 453 1356 melis
466 1307 600 1356 absumere
613 1298 734 1356 mensas.’

132 1398 198 1447 dixit
211 1398 275 1446 etin
289 1397 379 1446 silvam
393 1396 478 1458 pinnis
492 1396 579 1444 ablata
591 1396 693 1458 refugit.

131 1494 158 1535 at
170 1486 247 1536 sociis
260 1486 345 1534 subita
357 1485 458 1546 gelidus
472 1485 609 1533 formidine
622 1485 727 1546 sanguis

58 1581 111 1624 260
132 1575 260 1637 deriguit3
280 1574 395 1623 cecidere
409 1573 501 1632 animi,
522 1588 569 1621 nec
582 1573 634 1621 iam
647 1574 757 1637 amplius
772 1574 862 1632 armis,

130 1664 176 1712 sed
188 1663 256 1711 votis
268 1662 438 1725 precibusque
451 1661 540 1709 iubent
553 1677 692 1724 exposcere
704 1677 804 1725 pacem,

130 1752 184 1801 sive
198 1753 261 1800 deae
274 1765 320 1800 seu
333 1751 384 1798 sint
397 1751 467 1798 dirae
481 1750 659 1813 obscenaeque
673 1752 798 1801 volueres.

130 1847 155 1888 et
168 1847 241 1903 pater
253 1840 381 1888 Anchises
394 1839 475 1901 passis
490 1839 521 1887 de
534 1839 609 1886 litore
623 1840 715 1901 palmis

130 1929 239 1977 numina
251 1942 346 1989 magna
359 1935 434 1975 vocat
451 1928 607 1989 meritosque
625 1929 715 1976 indicit
732 1929 861 1978 honoros:

56 2021 109 2064 265
129 2016 174 2075 ι(ὶί,
189 2016 324 2079 prohibete
337 2016 436 2074 minas;
458 2016 492 2075 di,
509 2017 586 2064 talem
600 2017 704 2066 avertite
718 2033 808 2067 casum

129 2113 155 2152 et
167 2104 264 2167 placidi
279 2112 376 2152 servate
389 2096 467 2166 pios?
491 2113 545 2152 tum
559 2105 634 2154 litore
647 2106 735 2156 sunem

130 2193 240 2255 diripere
254 2207 427 2255 excussosque
440 2193 511 2241 iubet
523 2194 612 2242 laxare
625 2196 755 2245 rudentes.

127 2281 238 2330 tendunt
250 2281 307 2329 vela
320 2281 391 2339 noti;
412 2282 523 2343 sugimus
537 2284 715 2345 spumantibus
729 2287 807 2336 undis

128 2385 181 2432 qna
194 2384 297 2417 cursum
310 2377 451 2432 ventusque
464 2371 672 2436 gubernatorque
685 2373 802 2422 vocabat.

53 2461 108 2508 270
127 2458 180 2507 iam
193 2458 279 2505 medio
293 2459 400 2520 adparet
412 2459 490 2507 fluctu
504 2474 641 2510 nemorosa
653 2462 799 2524 Zacynthos

126 2545 333 2608 Dulichiumque
347 2544 476 2608 Sameque
489 2556 514 2596 et
526 2549 628 2598 Neritos
641 2551 723 2598 ardua
735 2552 815 2599 saxis.

128 2633 265 2696 effugimus
278 2635 399 2696 scopulos
412 2635 526 2696 Ithacae,
541 2637 649 2687 Laertia
658 2653 756 2700 regna,
