1816 2956
254 189 403 230 sanamus
420 191 508 230 utana
524 192 556 235 x,
740 184 801 232 419

31 352 57 394 lo
78 346 183 395 volnera
196 347 306 408 dirigere
320 355 345 395 et
358 349 471 396 calamos
486 362 586 399 armare
598 363 707 410 veneno,

75 436 197 485 Maeonia
210 451 334 498 generose
348 437 434 495 domu,
453 437 496 484 ubi
508 438 616 500 pinguia
629 440 698 489 culta

78 533 248 587 exercentque
261 526 307 572 viri
321 526 495 587 Pactolusque
508 526 604 588 inrigat
617 543 690 576 auro.

77 614 159 661 adsuit
172 623 196 662 et
208 615 366 672 Mnestheus,
383 619 459 676 quem
472 615 541 676 pulsi
553 615 663 677 pristina
675 617 755 665 Turni

77 717 171 764 aggere
185 718 317 751 murorum
330 702 466 751 sublimem
479 703 564 764 gloria
577 704 654 763 tollit,

31 795 56 837 25
77 798 102 838 ct
115 791 214 854 Capys:
236 792 297 840 hinc
311 806 404 840 nomen
419 790 568 855 Campanae
581 793 681 841 ducitur
695 794 761 842 urbi.

112 878 154 926 Illi
168 881 234 928 inter
247 895 302 928 sese
316 881 372 927 duri
387 881 529 928 certamina
541 881 602 929 belli

79 970 255 1016 contulerant:
277 969 363 1016 media
375 969 478 1016 Aeneas
491 968 557 1018 freta
570 976 646 1018 nocte
659 970 772 1019 secabat.

77 1071 189 1119 namque
203 1066 231 1104 ut
242 1056 274 1104 ab
287 1057 410 1105 Euandro
424 1058 512 1104 castris
526 1058 656 1119 ingressus
665 1059 790 1118 Etruscis,

78 1160 164 1207 regem
182 1126 237 1193 adit
253 1152 278 1193 ct
295 1145 349 1206 regi
362 1153 490 1194 memorat
501 1161 647 1210 nomenque
660 1161 803 1210 genusque,

31 1241 58 1283 50
79 1236 172 1297 quidve
185 1242 256 1298 petat
270 1235 362 1296 quidve
375 1235 430 1296 ipse
443 1233 516 1294 ferat,
531 1236 673 1284 Mezentius
687 1251 759 1285 arma

78 1339 144 1387 quae
158 1325 206 1399 sibi
220 1323 349 1382 conciliet,
364 1323 529 1386 violentaque
541 1331 647 1386 pectora
660 1325 741 1373 Turni

79 1414 177 1472 edocet,
193 1412 312 1460 humanis
327 1426 393 1474 quae
407 1411 440 1458 sit
452 1413 548 1461 fiducia
559 1413 634 1461 rebus

78 1504 200 1551 admonet
213 1501 383 1564 inmiscctque
395 1514 493 1563 preces
520 1501 589 1550 haud
604 1501 632 1549 fit
644 1516 726 1562 mora,
743 1502 806 1550 Tar-

379 1589 449 1638 chon

78 1680 162 1741 iungit
175 1694 236 1742 opes
250 1678 393 1741 foedusque
406 1678 478 1726 ferit:
499 1685 554 1726 tum
567 1677 649 1726 libera
660 1677 706 1726 fati

31 1774 58 1816 55
80 1769 189 1816 classem
203 1768 354 1816 conscendit
366 1767 441 1814 iussis
454 1781 518 1827 gens
531 1766 614 1828 Lydia
627 1766 721 1826 divom,

79 1863 184 1904 externo
198 1856 336 1904 commissa
349 1855 417 1904 duci.
444 1855 545 1903 Aeneia
557 1854 650 1917 puppis

79 1945 163 2007 prima
176 1950 253 2002 tenet,
269 1950 352 1991 rostro
366 1943 492 2006 Phrygios
505 1942 642 1992 subiuncta
655 1943 758 2001 leones3

79 2033 196 2080 imminet
207 2032 255 2080 Ida
267 2047 352 2094 super,
368 2032 484 2094 profugis
497 2031 643 2094 gratissima
655 2031 770 2080 Teucris.

79 2123 122 2171 hic
135 2136 244 2183 maguus
258 2122 329 2169 sedet
341 2121 444 2170 Aeneas
457 2134 596 2183 secumque
608 2121 708 2168 volutat

31 2217 60 2260 50
80 2217 184 2259 eventus
198 2210 259 2258 belli
274 2210 366 2268 varios,
382 2209 520 2272 Pallasque
533 2209 636 2256 sinistro

80 2301 180 2348 adfixus
194 2299 268 2347 lateri
282 2298 334 2346 iam
347 2299 448 2360 quaerit
459 2299 666 2360 sideraopaoae

80 2389 162 2436 noetis
176 2388 231 2446 iter,
247 2388 299 2434 iam
313 2401 379 2449 quae
391 2401 482 2450 passus
496 2395 615 2448 terraque
627 2385 752 2447 marique.

115 2477 225 2524 Pandite
239 2491 307 2524 nunc
315 2476 450 2535 Helicona,
466 2477 538 2534 deae,
549 2480 819 2536 cantusquemaueta,

81 2580 147 2627 quae
159 2580 250 2613 manus
262 2565 362 2614 interea
374 2564 469 2616 Tuscis
484 2565 628 2616 comitetur
644 2561 681 2608 an
694 2557 755 2605 (πλε

31 2658 50 2698 ’5
67 2653 176 2700 Aenean
190 2662 329 2720 armetque
345 2666 419 2711 rates
435 2659 605 2724 pelagoque
615 2649 755 2780 appetant·
