1816 2956
314 213 340 250 P.
357 211 478 250 VERGILI
497 211 628 251 MARONIS

142 376 330 431 exceptantque
342 368 404 416 levis
419 383 494 415 auras
507 375 532 416 et
545 383 621 432 saepe
634 369 690 417 siue
703 369 764 417 ullis

74 461 124 508 275
144 457 271 520 coniugiis
284 464 360 506 vento
373 457 495 520 gravidae
508 457 639 520 (mirabile
653 458 735 521 dictu)

143 562 207 595 saxa
219 561 265 609 per
277 552 301 594 et
313 547 436 610 scopulos
449 553 475 594 et
487 546 620 609 depressas
634 548 764 595 convalles

144 635 290 697 diffugiunt,
306 649 373 694 non,
388 634 468 694 Eure,
484 641 555 695 tuos,
571 650 654 699 neque
668 636 729 684 solis
743 637 775 684 ad
789 644 870 695 ortus,

144 725 171 772 in
189 724 287 772 borean
304 738 461 787 cautumque
479 732 524 772 aut
535 726 604 773 unde
616 725 770 787 nigerrimus
787 735 874 775 auster

144 814 258 862 nascitur
271 819 296 861 et
308 813 395 876 pluvio
410 813 544 862 contristat
557 812 652 876 frigore
665 815 774 862 eaelum.

73 907 123 950 280
143 903 186 950 bic
199 903 310 962 demum,
326 901 496 965 hippomanes
509 917 569 950 vero
583 902 651 966 quod
665 903 770 952 nomine
782 905 873 953 dieunt

144 997 268 1054 pastores,
284 991 382 1040 lentum
396 991 510 1039 destillat
522 991 553 1038 ab
567 992 673 1053 inguine
684 993 762 1052 virus,

143 1081 322 1143 hippomanes,
339 1079 407 1142 quod
421 1094 498 1142 saepe
510 1081 595 1128 malae
608 1081 693 1143 legere
706 1081 834 1130 noveicae

144 1169 352 1231 miscueruntque
365 1168 456 1216 herbas
470 1175 495 1216 et
507 1183 560 1216 non
572 1170 681 1217 innoxia
693 1169 779 1218 verba.

180 1257 231 1306 Sed
244 1257 311 1319 fugit
323 1258 430 1317 interea,
446 1257 512 1318 fugit
525 1257 698 1320 inreparabile
711 1267 821 1322 tempus,

75 1351 124 1395 285
145 1347 249 1409 singula
262 1348 324 1394 dum
337 1347 405 1409 capti
419 1346 646 1395 circumvectamur
659 1362 756 1396 amore.

144 1436 194 1484 hoc
207 1436 268 1484 satis
282 1437 419 1485 armentis:
441 1445 544 1500 superat
557 1452 616 1500 pars
631 1437 713 1485 altera
725 1453 812 1497 curae,

145 1525 274 1587 lanigeros
288 1527 385 1589 agitare
398 1541 488 1589 greges
501 1526 633 1588 hirtasque
646 1527 769 1589 capellas.

144 1613 187 1662 hic
200 1613 283 1674 labor,
299 1615 360 1663 hinc
372 1615 476 1664 laudem
490 1616 567 1664 fortes
581 1624 681 1679 sperate
696 1617 792 1664 coloni.

144 1717 192 1751 nec
205 1719 261 1750 sum
275 1704 353 1751 animi
368 1705 460 1752 dubius
473 1704 556 1752 verbis
570 1720 600 1753 ea
614 1706 714 1754 vincere
730 1721 854 1768 magnum

74 1797 125 1840 290
146 1791 268 1854 quamsit
281 1800 305 1840 ct
318 1793 433 1854 augustis
447 1794 516 1842 hunc
529 1794 623 1842 addere
636 1795 711 1843 rebus
728 1794 871 1843 honorem:

145 1880 188 1928 sed
202 1895 243 1928 me
256 1880 363 1928 Parnasi
378 1883 477 1930 deserta
489 1897 535 1945 per
548 1884 630 1931 ardua
642 1883 725 1932 dulcis

145 1976 229 2032 raptat
242 1984 328 2028 amor;
348 1969 418 2018 iuvat
431 1971 468 2019 ire
480 1971 556 2033 iugis,
573 1987 625 2034 qua
636 1973 709 2019 nulla
722 1973 837 2035 priorum

145 2057 287 2106 Castaliam
300 2059 374 2106 molli
387 2059 524 2108 devertitur
537 2061 621 2108 orbita
634 2061 709 2109 clivo.

144 2161 228 2206 nunc,
251 2149 397 2196 veneranda
409 2149 499 2207 Pales,
520 2164 616 2212 magno
634 2165 703 2199 nunc
721 2165 765 2199 ore
778 2166 874 2198 sonan·

445 2238 514 2286 dum.

76 2329 125 2373 295
180 2325 310 2388 Incipiens
324 2326 430 2374 stabulis
444 2328 517 2376 edico
531 2328 557 2374 in
571 2328 693 2375 mollibus
706 2301 831 2375 herbam·

146 2397 250 2476 car‘pere
263 2414 329 2473 ovis,
350 2415 411 2462 dum
424 2431 485 2463 mox
498 2416 622 2464 frondosa
634 2417 764 2465 reducitur
777 2424 872 2473 aestas,

146 2510 171 2550 et
183 2503 265 2550 multa
277 2504 369 2551 duram
381 2504 477 2566 stipula
489 2505 645 2567 salicumque
657 2506 780 2569 maniplis

145 2599 257 2639 sternere
270 2592 356 2640 subter
368 2592 484 2653 humum,
500 2595 596 2656 glacies
610 2609 642 2643 ne
656 2595 750 2656 frigida
763 2595 851 2643 laedat

40 2686 78 2786 ι
135 2680 220 2728 molle
230 2697 314 2746 pecus
327 2681 494 2748 scabiemque
507 2684 573 2732 ferat
583 2684 716 2747 turpisque
730 2685 872 2746 podagras.
