1816 2956
276 184 429 226 eudemon
447 185 534 225 niune
548 186 579 226 11.
762 176 824 225 {l-ll

99 351 127 394 et
139 342 222 405 magis
235 349 313 406 atque
325 343 417 404 magis,
434 356 592 405 quamquam
604 348 703 390 secreta
714 341 828 404 parentis

51 439 81 482 00
100 431 233 482 Anchisae
246 432 337 480 domus
347 430 538 494 arboribusque
551 430 653 479 obtecta
666 429 779 489 recessit,

52 574 55 579 .
98 522 245 571 claueseuut
256 520 356 569 sonitus
369 533 552 582 amorumque
564 518 662 580 ingruit
673 517 774 567 horror.

97 609 218 659 excutior
228 623 321 657 somno
334 615 360 657 et
371 608 465 656 summi
478 607 582 669 fastigia
595 607 654 656 tecti

93 711 209 748 coecum
221 711 315 760 supero
328 704 406 761 atque
419 696 524 745 arrectis
537 695 642 744 auribus
655 695 746 755 adst03

98 787 253 848 ineegetem
265 786 344 835 veluti
358 800 416 834 cnm
426 785 532 833 flamma
544 783 793 836 furentibusuustris

51 881 81 926 lh
99 875 193 924 incidit
199 884 250 923 aut
261 874 367 938 rapidus
379 881 504 923 mortuno
513 873 734 922 flumine-torrens

97 963 189 1014 sternit
200 977 286 1025 agros,
300 963 393 1012 sternit
403 972 461 1010 sata
473 963 542 1011 laeta
550 962 684 1023 -boumque
697 960 798 1010 labores

99 1052 305 1116 praecipitesque
318 1051 397 1100 trahit
408 1051 495 1110 silves,
511 1057 597 1113 stupet
608 1049 705 1098 inscius
718 1049 772 1098 alto

100 1141 231 1204 accipiens
243 1141 358 1189 sonitum
371 1140 427 1188 saxi
441 1140 472 1188 de
485 1140 578 1188 vertice
590 1145 687 1202 pastor.

100 1239 156 1278 tum
168 1243 228 1279 vero
241 1228 380 1277 manifesta
392 1229 464 1288 fides,
480 1228 654 1290 Danaumque
667 1233 802 1289 putescunt

51 1323 80 1367 10
100 1318 219 1367 insidiae.
247 1318 299 1366 iarn
311 1317 443 1379 Deiphobi
457 1317 527 1365 dedit
540 1316 628 1380 ampla
640 1315 742 1364 ruinam

99 1406 219 1455 Volcano
233 1413 370 1469 superante
383 1406 484 1465 domus,
499 1405 552 1454 iam
565 1405 698 1468 proximus
712 1404 785 1454 ardet

101 1493 244 1557 Ucalegon,
260 1493 339 1557 Sigea
351 1494 405 1557 igni
419 1493 485 1542 freta
497 1493 550 1542 lata
562 1494 686 1542 relucent.

99 1583 217 1633 exoritur
229 1584 379 1646 clamorque
392 1583 475 1630 virum
488 1583 647 1645 clangorque
660 1583 788 1631 tubarum.

102 1687 175 1722 arma
187 1687 276 1721 amens
290 1672 383 1735 capi0;
401 1686 450 1721 uec
462 1679 503 1719 sut
515 1672 623 1720 rationis
636 1672 663 1719 in
677 1671 764 1730 armis,

51 1766 82 1810 1⁵
102 1761 147 1811 aed
159 1761 305 1824 glomerare
317 1776 422 1809 manum
434 1760 504 1809 bello
517 1767 542 1808 et
553 1774 705 1809 concurrere
711 1760 739 1807 in
746 1773 832 1807 arcem

103 1865 162 1900 cum
174 1850 251 1899 sociis
265 1850 357 1898 ardent
369 1849 458 1909 animi,
470 1849 545 1897 ¹furor
557 1849 647 1912 iraque
660 1856 772 1897 mentem

94 1938 274 2002 ¹praecipitent
286 1939 475 2002 pulchrumque
488 1939 553 1986 mori
567 1938 693 1987 succurrit
704 1938 731 1985 in
743 1936 829 1986 annis.

137 2027 205 2076 Ecce
217 2035 304 2076 autem
317 2027 374 2076 telis
387 2026 504 2075 Panthus
517 2026 620 2089 elapsus
634 2027 770 2085 Achivom,

101 2115 219 2165 Panthus
233 2114 386 2178 Othryades,
403 2115 469 2164 arcis
482 2115 633 2179 Phoebique
646 2116 777 2174 sacerdos,

51 2210 84 2254 20
102 2219 177 2253 sacra
190 2219 269 2252 manu
281 2205 414 2267 victosque
427 2188 489 2253 deos
502 2218 660 2267 parvumque
673 2211 794 2267 nepotem

102 2293 158 2357 ipse
171 2292 251 2341 trehit
263 2307 391 2356 cursuque
404 2308 493 2341 amens
506 2293 539 2341 ad
552 2293 644 2342 limina
657 2292 747 2341 tendit.

102 2382 164 2445 ‘quo
180 2395 221 2430 res
238 2395 339 2430 summa
357 2382 430 2443 loco,
451 2380 569 2429 Panthu?
588 2396 668 2444 quam
684 2379 833 2444 prendimus

406 2461 517 2519 arceml'

103 2557 147 2606 vix
159 2572 191 2606 ea
203 2557 270 2606 settis
284 2573 363 2615 eram,
378 2559 477 2620 gemitu
491 2574 549 2607 cum
563 2558 626 2607 talia
638 2556 730 2606 reddit.
759 2588 761 2593 »

100 2637 182 2695 ‘venit
193 2661 294 2694 summa
306 2647 361 2696 dies
375 2654 400 2696 et
412 2647 583 2698 ineluctabile
595 2655 703 2710 tenipus
