1816 2956
92 167 153 217 ttt
337 175 364 215 r.
381 175 502 214 venerer
522 173 653 215 usuours

467 331 514 378 ΙΙΙ.

162 421 249 480 Socer,
266 420 340 468 beate
354 434 400 467 nee
414 420 459 467 tibi
473 434 520 468 nec
533 420 616 479 alteri,

160 525 290 572 generque
304 508 440 567 Noctuine,
456 509 574 570 putidum
587 516 674 571 caput,

160 606 239 645 tuone
252 612 320 645 nune
334 597 422 659 puella
434 598 501 655 talis,
518 598 540 646 ei
554 605 598 644 tuo

161 695 265 749 stupore
279 700 421 748 pressurus
435 685 533 733 abibit?
552 687 575 734 ei
589 685 662 743 mihi,

127 781 141 824 5
161 784 189 822 ut
202 776 245 823 ille
259 789 345 822 versus
358 789 544 837 usquequaque
556 774 676 837 pertinet,

157 854 248 926 ‘gener
261 877 395 924 socerque,
411 863 558 925 perdidistis
572 862 659 909 omnia
669 854 691 909 l'

467 951 514 998 1v.

161 1042 276 1105 Superbe
289 1040 425 1097 Noctuine,
441 1039 559 1102 putidum
573 1048 658 1101 caput,

161 1132 236 1179 datur
249 1130 295 1178 tibi
308 1128 395 1192 puella
409 1143 487 1190 qnam
499 1127 575 1190 petis,
591 1129 676 1186 datur,

161 1221 245 1278 datur,
261 1217 370 1281 superbe
383 1217 519 1274 Noctuine,
535 1231 614 1278 quam
627 1217 702 1279 petis.

161 1309 215 1366 sed,
232 1322 247 1354 o
260 1306 371 1370 superbe
384 1306 521 1365 Noctuine,
538 1319 590 1352 nou
603 1304 674 1352 vides

127 1403 141 1445 5
162 1399 225 1445 duas
240 1396 334 1444 habere
347 1396 414 1443 filies
429 1394 547 1450 Atilium,

161 1486 234 1543 duas,
250 1493 275 1533 et
288 1485 355 1532 hane
368 1491 393 1532 et
406 1484 522 1546 alteram,
539 1481 584 1528 tibi
598 1482 662 1528 dari.

162 1576 248 1623 adeste
263 1588 340 1631 nnuc,
356 1573 457 1619 adeste:
480 1572 559 1627 ducit,
575 1577 603 1616 ut
616 1571 698 1628 decet,

162 1663 286 1726 superbus
301 1676 360 1709 eece
373 1660 515 1708 Noctuinus
530 1660 655 1706 hirneam.

161 1751 293 1810 thalassio,
311 1749 444 1805 thalassio,
461 1747 598 1795 thalassio!

160 1930 247 1977 lucere
261 1943 301 1976 me
315 1926 384 1988 qnod
399 1926 453 1972 alta
467 1940 518 1972 uon
533 1925 628 1987 possim
642 1933 719 1986 putus

161 2027 189 2065 ut
201 2025 260 2063 ante
273 2015 366 2063 vectari
380 2014 445 2062 freta

161 2120 207 2152 nee
221 2105 286 2151 serre
300 2104 391 2150 durum
405 2103 485 2164 frigus
500 2111 544 2149 aut
557 2110 655 2150 aestum
669 2104 723 2164 pati

161 2208 243 2255 neque
257 2207 329 2239 arura
342 2192 443 2239 victoris
458 2192 538 2253 sequi.

126 2288 139 2330 5
160 2283 253 2337 valent,
270 2282 355 2329 valent
369 2281 430 2327 mihi
445 2281 484 2327 ira
498 2289 522 2327 et
536 2281 656 2342 antiquus
670 2280 747 2328 furor

161 2377 186 2418 et
199 2371 289 2431 lingua
302 2386 353 2432 qua
367 2370 464 2416 adsicm
479 2369 524 2416 tibi

160 2467 185 2507 et
198 2460 348 2521 prostitutae
362 2467 435 2520 turpe
449 2457 645 2506 contubernium

160 2548 264 2595 sororis.
292 2563 307 2593 0
321 2547 382 2608 quid
397 2561 437 2593 me
452 2546 562 2593 incitas?

160 2637 231 2700 quid,
247 2636 368 2699 inpudice
382 2643 406 2682 et
419 2635 580 2697 inprobando
595 2634 712 2695 Caesari,
