1816 2956
49 193 65 239 4
288 201 313 241 r.
336 200 456 240 venenu
471 199 601 240 nnnorus

92 350 104 375 ‘
117 365 238 422 protenus
251 373 327 419 aeger
339 372 403 419 ago;
418 357 486 406 hane
495 359 572 406 etiam
584 359 635 417 vix,
649 359 746 419 Tityre,
762 359 795 405 dn

117 448 159 496 hie
172 448 238 495 inter
251 448 343 494 densas
362 447 464 494 corulos
481 449 559 494 modo
578 463 689 509 namque
707 449 795 507 gemel

67 541 97 584 15
119 551 190 599 spem
203 536 298 597 gregis,
314 550 338 593 a,
354 535 426 582 silice
439 535 465 581 in
479 538 549 583 nuda
562 537 656 584 conixa
669 536 787 597 reliquit.

49 678 51 682 ⁸
117 611 193 688 saepe
206 626 303 673 malum
317 625 365 673 hoe
378 625 461 683 nobis,
477 625 497 671 si
511 639 582 671 mens
594 639 646 671 non
660 625 732 671 laeva
744 624 795 671 fuis

117 715 148 762 de
162 715 234 762 caelo
248 722 328 762 taetus
342 713 446 760 memini
461 713 609 774 praedicere
623 727 741 775 querens.

117 803 160 850 sed
175 809 260 850 tamen
274 803 321 850 iste
335 803 397 850 deus
412 802 455 863 qui
469 802 502 848 sit
516 801 557 859 da,
572 801 668 862 Tityro,
685 801 771 848 nobis.

116 891 264 961 r.·U1·bem,
281 906 359 952 quam
373 889 585 947 dieuntRomam,
601 889 738 947 Meliboee,
756 879 792 953 pu

65 984 97 1026 20
117 980 209 1027 stultus
218 993 265 1040 ego
273 979 444 1026 huionostrae
451 979 574 1044 similem,
586 992 637 1040 quo
645 992 720 1038 saepe
730 980 795 1027 soler

116 1076 232 1130 pastores
247 1068 332 1114 ovium
346 1075 448 1115 teneros
462 1067 591 1128 depellere
604 1066 679 1113 fetus.

116 1157 153 1204 sic
167 1155 273 1204 canibus
287 1157 385 1203 catulos
397 1156 501 1212 similes,
518 1155 554 1201 sie
568 1154 691 1200 matribus
709 1154 795 1202 haedo

116 1259 216 1301 noram,
231 1244 268 1291 sie
281 1243 364 1305 parvis
378 1258 523 1306 conponere
536 1257 631 1303 magna
644 1243 769 1290 solebam.

116 1347 203 1381 verum
215 1332 280 1380 haec
293 1338 393 1379 tantum
406 1332 470 1378 alias
483 1331 549 1378 inter
562 1339 637 1392 capnt
651 1331 743 1378 extulit
755 1333 795 1378 url

64 1425 96 1468 25
117 1428 241 1483 quantum
254 1421 325 1468 lenta
337 1420 421 1467 solent
433 1420 500 1467 inter
512 1419 620 1466 viburna
633 1421 756 1480 cupressi.

117 1525 144 1556 n.
165 1509 198 1556 Et
211 1523 277 1570 quae
290 1515 362 1556 tanta
375 1509 423 1555 suit
435 1508 544 1555 Romam
558 1507 603 1553 tibi
618 1522 696 1553 eausa
709 1509 795 1556 viden(

114 1612 139 1644 r.
160 1596 286 1656 Libertas,
303 1612 369 1658 quae
382 1612 439 1644 sera
451 1604 537 1643 tamen
550 1596 663 1656 respexit-
676 1595 795 1654 inertem,

116 1686 250 1732 candidior
262 1693 400 1747 postquam
413 1684 529 1732 tondenti
543 1683 623 1730 barba
637 1683 755 1742 cadebat,

115 1774 227 1836 respexit
239 1781 326 1821 tamen
339 1779 364 1820 et
376 1773 455 1832 longo
468 1780 527 1834 post
540 1778 654 1833 tempore
668 1773 746 1830 venit,

62 1867 95 1910 30
115 1869 253 1924 postquam
265 1877 313 1908 nos
326 1860 466 1922 Amaryllis
480 1860 565 1918 habet,
583 1859 692 1907 Galatea
705 1862 795 1923 reliqu

115 1964 241 2012 namque,
261 1949 360 1997 fatebor
373 1950 454 2007 enirn,
475 1950 535 1995 dum
549 1964 589 1996 me
603 1947 713 1996 Galatea
726 1950 795 1996 renel

114 2053 161 2085 nee
174 2052 231 2100 spes
244 2038 369 2085 libertatis
383 2044 437 2084 erat
449 2052 496 2085 nee
510 2053 571 2085 eura
583 2037 676 2098 poouli.

114 2127 229 2188 quamvis
243 2127 324 2173 multa
336 2125 399 2173 meis
413 2125 494 2174 exiret
505 2126 609 2173 victima
622 2124 725 2186 saeptis,

113 2214 216 2276 pinguis
230 2220 255 2262 et
267 2214 384 2276 ingratae
397 2222 554 2276 premeretur
567 2228 655 2261 caseus
669 2213 735 2270 urbi,

61 2307 93 2350 35
113 2317 166 2349 non
179 2318 302 2365 umquam
315 2303 399 2364 gravis
414 2318 472 2352 aere
485 2303 590 2350 domum
609 2302 671 2348 mibi
692 2302 783 2349 dextra

415 2391 493 2439 dibat.

114 2495 141 2526 n.
162 2479 276 2527 Mirabar
289 2480 351 2543 quid
364 2487 463 2528 maesta
476 2480 550 2536 deos,
566 2479 706 2539 Amarylli,
723 2494 796 2527 vocar

101 2567 145 2614 eui
154 2569 276 2630 pendere
288 2585 340 2620 sua
352 2569 480 2636 patereris
492 2568 520 2616 in
534 2567 627 2615 arbore
637 2582 731 2626 poma:

87 2653 196 2717 Tityrus
209 2659 279 2713 biae
292 2663 404 2714 aberat.
433 2663 514 2729 ipsae
525 2667 562 2716 te,
575 2655 682 2716 ‘librtas
692 2652 785 2711 pinus,
