1816 2956
71 180 106 227 7⁰2
308 187 334 226 Ρ.
351 186 473 227 VERGILI
493 185 624 226 trunonis

68 350 118 396 275
139 347 219 394 dense
230 360 302 404 sere3
322 345 350 392 in
362 345 443 393 denso
457 358 510 391 non
523 344 626 406 segnior
639 343 717 392 ubere
730 344 863 392 Bocchus:

139 435 179 483 siu
192 434 297 483 tumulis
310 433 410 482 adclive
423 433 508 480 soluru
521 432 647 496 collisque
659 433 775 496 supinos,

138 523 247 586 indulge
259 522 402 582 ordinibus,
418 536 466 570 neo
478 522 557 570 setius
570 522 655 570 omnis
668 522 695 570 in
708 535 821 584 unguem

139 612 273 661 arboribus
286 611 375 674 positis
389 618 459 660 secto
472 611 514 658 viu
527 611 609 659 limite
622 611 739 674 quadret

140 709 167 750 ut
179 716 256 764 saepe
268 700 366 762 ingenti
379 700 448 748 bello
462 714 521 748 oum
534 701 615 761 longe
626 699 744 748 cohortes

70 796 119 840 280
139 791 264 854 explicuit
276 790 345 852 legio
359 797 384 839 et
396 803 488 851 campo
501 789 571 836 stetit
584 803 677 850 agmen
690 795 789 851 aperto,

141 880 304 942 directaeque
317 879 394 937 acies,
411 893 441 926 ae
454 878 505 926 late
517 877 625 926 fluctuat
637 878 720 926 omnis

141 983 199 1017 aere
211 968 338 1016 renidenti
352 967 436 1024 tellus,
453 967 564 1015 necdum
577 965 683 1014 horrida
694 966 805 1014 miscent

140 1058 247 1121 proelia,
263 1057 306 1106 sed
322 1056 414 1104 dubius
427 1055 519 1104 mediis
532 1055 602 1102 Mars
616 1062 685 1103 errat
696 1055 723 1102 in
737 1055 830 1103 armis:

139 1147 227 1194 omnia
239 1146 291 1194 sint
303 1145 407 1208 paribus
420 1144 533 1192 numeris
547 1144 663 1192 dimensa
675 1144 791 1203 viarum3

67 1241 117 1284 285
137 1250 191 1283 non
208 1235 323 1283 animum
339 1233 418 1281 modo
436 1233 473 1280 nti
486 1240 576 1296 paseat
587 1241 739 1295 prospectus
751 1233 866 1290 inanem,

137 1325 182 1372 sed
195 1323 257 1386 quin
269 1337 322 1370 non
335 1323 410 1371 aliter
422 1321 481 1370 viris
495 1322 567 1370 dabit
579 1321 699 1369 omuibus
713 1335 810 1383 aequas

138 1423 206 1461 terra
217 1427 301 1474 neque
312 1413 339 1460 in
350 1426 459 1459 vacuom
470 1417 592 1473 poterunt
602 1424 629 1458 se
641 1410 779 1458 extendere
791 1408 866 1457 rami.

172 1501 291 1550 Forsitan
305 1509 330 1550 et
342 1500 475 1549 scrobibus
489 1514 555 1562 quae
567 1499 619 1547 sint
629 1499 734 1560 fastigio
746 1513 866 1562 quaeras.

138 1591 221 1638 ausim
233 1590 274 1638 vel
288 1590 357 1638 tenui
370 1589 448 1638 vitem
462 1589 621 1638 committere
634 1589 716 1636 sulco.

68 1683 119 1727 290
139 1680 216 1727 altior
228 1694 259 1728 ue
271 1679 373 1742 penitus
387 1685 469 1726 terrae
483 1678 603 1740 defigitur
616 1677 701 1736 arbos,

72 1773 75 1776 ’
139 1769 258 1816 aesculus
270 1768 298 1815 in
311 1767 409 1830 primis,
425 1781 492 1829 quae
506 1774 631 1829 quantum
641 1765 736 1814 vertice
748 1765 780 1813 ad
793 1779 869 1814 aures

139 1857 274 1916 aetherius,
290 1864 390 1904 tontum
403 1857 489 1904 radico
502 1856 529 1903 in
542 1856 651 1903 Tartaru
664 1854 754 1903 tendit.

139 1961 200 2008 ergo
214 1960 267 1993 non
280 1945 377 1994 hiemes
390 1946 472 2003 illurn,
488 1960 541 1992 uon
554 1943 636 1992 flabra
648 1958 731 2007 neque
744 1943 841 1993 imbres

140 2036 304 2094 convellunt3
325 2034 424 2082 inmota
437 2042 532 2093 manet,
547 2033 694 2095 multosque
707 2040 827 2095 nepotes,

68 2129 119 2172 295
138 2125 221 2172 muita
233 2125 316 2172 virum
329 2124 433 2171 volvens
446 2123 564 2171 durando
578 2122 782 2191 saecululvinoit.

139 2220 194 2260 turn
206 2212 278 2261 fortis
291 2213 343 2261 lete
356 2227 441 2261 rumos
455 2219 479 2260 et
492 2211 614 2260 bracchia
626 2212 733 2260 tendens

140 2301 190 2350 huo
202 2302 265 2350 illuc
278 2302 364 2350 media
376 2301 433 2364 ipsu
445 2302 577 2363 ingentem
590 2301 699 2349 sustinet
710 2300 841 2349 umbram.

175 2390 243 2439 Neve
256 2391 302 2438 tibi
315 2391 348 2439 ud
362 2391 444 2439 solem
455 2397 563 2451 vergunt
574 2389 660 2437 vineta
673 2389 826 2450 oudentem3

135 2495 201 2528 neve
212 2480 281 2530 inter
292 2480 349 2529 vitis
363 2477 479 2544 coryluni
493 2493 564 2538 sore3
583 2493 646 2526 neve
659 2478 764 2540 flagella

43 2571 101 2612 300
119 2584 228 2620 summu
238 2581 306 2636 pete
318 2581 368 2623 aut
380 2587 487 2623 summu
498 2568 621 2629 deiringe
630 2581 665 2614 en
674 2564 768 2612 urbere
775 2567 879 2624 uiuum

105 2657 215 2720 (tantus
227 2679 314 2717 amor
329 2665 438 2732 terrae)
449 2682 457 2727 3
472 2666 530 2713 nen
543 2659 616 2708 ierro
627 2654 710 2703 iuede
720 2656 831 2695 retunso
