1816 2956
84 183 146 233 278
323 193 349 233 r.
365 191 488 233 vanem
506 189 637 231 uunorus

153 350 236 398 factus
249 349 348 398 honos:
368 348 465 411 placidi
478 354 621 397 straverunt
634 361 747 410 aequora
760 348 838 407 venti,

154 438 242 488 creber
255 444 280 486 ct
292 437 426 500 adspirans
439 451 526 485 rursus
539 445 614 485 vocat
628 443 712 485 auster
724 437 752 484 in
765 438 855 486 altum.

85 531 134 577 765
154 527 269 576 exoritur
281 540 407 588 procurva
419 526 511 587 ingens
524 541 571 588 per
583 527 660 574 litora
671 526 761 585 fletus3

155 615 275 678 conplexi
287 615 354 663 inter
367 629 394 663 se
406 621 561 676 noctemque
575 615 694 676 diemque
706 619 849 662 morantur.

153 706 225 769 ipsae
236 704 289 752 iam
301 711 405 763 matres,
421 704 479 766 ipsi,
495 703 589 767 quibus
603 718 694 766 aspere
706 702 840 766 quondam

152 794 208 842 visa
220 792 298 843 maris
311 792 389 841 facies
402 799 428 840 et
440 807 494 840 non
505 793 640 841 tolerabile
652 807 757 851 nomen,

154 883 192 930 ire
203 882 294 930 volunt
306 896 460 944 omnemque
474 881 550 943 fugae
563 881 675 944 perferre
688 881 814 929 laborem.

85 975 136 1022 770
156 985 220 1035 quos
233 971 316 1018 bonus
329 971 431 1019 Aeneas
445 970 520 1018 dietis
533 971 631 1033 solatur
644 970 733 1018 amicis

154 1067 180 1108 et
193 1059 386 1120 consanguineo
400 1059 540 1107 lacrimans
554 1059 719 1107 commendat
730 1059 850 1107 Acestae.

154 1149 200 1197 tris
211 1148 287 1210 Eryci
300 1148 393 1196 vitulos
407 1154 432 1195 et
444 1147 650 1209 Tempestatibus
663 1161 759 1208 agnam

156 1237 262 1287 caedere
275 1236 368 1286 deinde
381 1237 452 1285 iubet
464 1236 580 1298 solvique
594 1251 625 1284 cx
639 1236 729 1284 ordine
741 1236 840 1284 funem.

154 1326 217 1390 ipse,
233 1333 310 1388 eaput
322 1333 412 1375 tonsae
425 1324 493 1373 foliis
508 1325 620 1372 evinctus
634 1324 725 1383 olivae,

86 1419 135 1465 775
155 1422 225 1462 stans
238 1415 328 1476 procul
342 1415 369 1462 in
381 1429 459 1476 prora
472 1420 587 1476 pateram
594 1416 664 1461 tenet
676 1420 787 1476 extaque
799 1415 882 1462 salsos

155 1503 262 1567 porricit
273 1503 301 1550 in
313 1503 405 1550 fluetus
419 1518 449 1551 ac
461 1503 521 1550 vina
534 1503 660 1564 liquentia
672 1499 765 1549 fundit.

154 1591 319 1655 prosequitur
331 1605 439 1653 surgens
452 1606 467 1638 a
480 1591 560 1654 puppi
573 1597 663 1639 ventus
676 1591 768 1638 cuntis.

157 1681 272 1730 certatim
284 1680 347 1728 soeii
361 1681 456 1728 feriunt
468 1695 538 1728 mare
551 1688 576 1728 et
588 1694 702 1741 aequora
715 1685 827 1727 verrunt.

192 1771 227 1817 At
239 1769 326 1817 Venus
339 1769 438 1817 interea
450 1769 598 1830 Neptunum
611 1768 723 1816 exercita
737 1768 805 1816 curis
819 1815 824 1823 ,

87 1863 136 1908 780
156 1858 304 1920 adloquitur
317 1857 426 1919 talisque
440 1857 548 1904 effundit
562 1864 665 1918 pectore
679 1864 793 1919 questus.

152 1937 270 1994 ‘Iunonis
283 1946 367 2007 gravis
380 1946 419 1992 ira
433 1960 479 1994 nee
493 1945 651 1993 exaturabile
664 1952 752 2006 peetus

157 2042 253 2096 cogunt
261 2049 310 2092 me,
326 2033 453 2096 Neptune,
469 2049 556 2096 preces
571 2033 725 2082 descendere
738 2034 765 2080 in
780 2035 880 2091 omnim

116 2173 122 2191 ἱ
156 2140 234 2187 quam
248 2138 295 2172 nee
308 2125 387 2185 longa
400 2125 463 2182 dics,
479 2124 561 2186 pietas
574 2137 622 2170 nec
636 2122 737 2183 mitigat
749 2124 813 2180 ulla,

156 2228 203 2262 nec
216 2213 282 2260 Iovis
295 2213 403 2275 imperio
416 2212 527 2275 fatisque
540 2212 650 2259 infracta
663 2211 780 2272 quiescit.

87 2307 136 2353 785
156 2317 209 2350 non
221 2301 307 2350 media
320 2301 352 2349 de
365 2308 442 2362 gente
454 2301 586 2363 Phrygum
600 2297 716 2348 exedisse
729 2300 849 2348 nefandis

156 2391 245 2440 arbem
271 2389 337 2437 odiis
368 2390 429 2438 satis
461 2398 499 2437 est
532 2404 580 2438 nec
605 2402 715 2451 poenam
740 2398 814 2437 traxe
840 2403 884 2452 per

458 2492 576 2526 omnem:

157 2569 279 2631 reliquias
292 2567 395 2626 Troiae,
412 2568 508 2616 cineres
522 2574 599 2629 atque
612 2580 671 2613 ossa
683 2572 832 2628 peremptae

146 2658 307 2723 insequitur.
349 2671 441 2708 causes
453 2655 519 2706 tanti
531 2655 596 2704 sciat
607 2655 655 2703 illa
667 2654 770 2705 furoris.
