1816 2956
103 159 163 206 200
341 169 367 208 P.
384 167 506 207 vandum
525 167 657 208 nnnoals

171 325 391 387 caprigenumque
403 338 481 387 pecus
494 325 568 372 nullo
582 325 688 373 custode
700 340 747 388 per
760 325 862 374 herbas.

170 413 295 460 inrnimus
309 412 376 461 ferro
390 419 416 461 et
428 413 499 460 divos
511 413 648 475 ipsumque
661 428 781 462 vocamus

169 502 197 549 in
210 509 309 565 partem
321 501 496 564 praedamque
508 489 612 561 Iovem3
632 509 687 550 turn
700 502 775 550 litore
788 517 867 550 curvo

170 590 363 652 extruimusque
375 597 445 638 toros
463 590 624 652 dapibusque
641 591 777 654 epulamur
794 591 899 654 opimis.

101 683 151 727 225
172 686 199 726 at
210 677 310 727 subitae
322 677 443 727 horrifico
456 680 532 741 lapsu
546 678 577 726 de
590 678 720 728 montibus
734 680 831 727 adsunt

172 767 295 830 harpyiae
308 774 333 815 et
345 767 446 828 magnis
460 767 581 830 quatiunt
594 768 759 829 clangoribus
767 769 827 816 alas

171 855 346 919 diripiuntque
359 855 438 918 dapes
452 863 623 918 contactuque
637 857 725 904 omnia
737 856 844 905 foedant

169 944 311 1003 inmund03
331 951 386 992 tum
398 959 449 992 vox
462 953 571 993 taetrum
585 944 640 992 dira
652 945 719 993 inter
732 945 849 993 odorem.

169 1048 270 1083 rursum
283 1033 310 1081 in
324 1047 425 1081 secessu
437 1033 517 1095 longo
531 1032 577 1080 sub
592 1047 655 1095 rupe
669 1041 766 1092 cavata,

100 1126 151 1170 230
170 1121 304 1169 arboribus
318 1121 399 1170 clausi
413 1121 509 1170 circum
523 1130 599 1184 atque
613 1121 776 1170 horrentibus
790 1123 897 1183 umbris,

169 1210 319 1258 instruimus
331 1225 433 1258 mensas
447 1210 549 1272 arisque
562 1211 710 1272 reponimus
723 1211 824 1272 ignem:

169 1313 271 1346 rursum
283 1309 316 1346 ex
329 1298 428 1346 diverso
442 1299 507 1346 caeli
521 1299 654 1360 caecisque
667 1300 773 1348 latebris

169 1385 245 1434 turba
257 1400 353 1434 sonans
366 1387 489 1449 praedam
502 1387 610 1450 pedibus
628 1387 796 1436 circumvolat
812 1389 896 1448 uncis,

168 1474 263 1537 polluit
276 1489 320 1524 ore
333 1476 420 1538 dapes.
449 1476 525 1524 sociis
539 1484 609 1535 tunc,
625 1491 696 1524 arma
710 1485 855 1539 capessant,

99 1568 148 1612 235
168 1563 252 1622 edice,
268 1571 294 1613 et
306 1564 363 1612 dira
375 1563 472 1612 bellum
486 1579 544 1612 cnm
557 1572 633 1626 gente
645 1566 796 1626 gerendum.

168 1651 237 1700 haud
250 1665 323 1700 secus
337 1668 367 1701 ac
379 1653 442 1700 iussi
455 1652 553 1701 faciunt
566 1661 698 1715 tectosque
711 1668 756 1717 per
768 1654 876 1703 herbam

169 1741 310 1803 disponunt
322 1755 395 1789 enses
409 1749 434 1789 et
446 1749 519 1789 scuta
531 1743 639 1790 latentia
653 1743 775 1790 condunt.

168 1843 230 1890 ergo
244 1828 287 1876 ubi
301 1829 422 1892 delapsae
435 1830 548 1877 sonitum
561 1846 607 1893 per
620 1846 698 1879 curata
711 1831 804 1880 dedere

80 1968 83 1975 ,
168 1918 253 1976 litora,
270 1918 314 1965 dat
326 1918 430 1979 signum
442 1919 548 1980 specula
560 1919 673 1966 Misenus
687 1920 719 1967 ab
733 1921 787 1967 alta

97 2011 148 2054 240
168 2020 226 2054 aere
240 2020 312 2054 cavo.
345 2006 470 2053 invadunt
487 2007 549 2054 socii
569 2016 593 2054 et
612 2022 680 2056 nova
698 2009 798 2071 proelia
816 2016 899 2072 temp·

469 2102 532 2152 tant,

168 2183 292 2230 obscenas
306 2182 392 2245 pelagi
406 2182 473 2230 scrro
487 2183 591 2231 foedare
604 2185 729 2232 volucres.

167 2272 210 2319 sed
224 2285 308 2332 neque
321 2271 372 2317 virn
384 2271 479 2333 plumis
493 2271 573 2319 ullam
586 2287 633 2320 nec
647 2273 752 2320 volnera
765 2280 838 2334 tergo

167 2359 305 2422 accipiunt,
322 2360 449 2422 celerique
463 2359 526 2421 fuga
538 2360 584 2408 sub
598 2361 683 2409 sidera
696 2362 785 2424 lapsae

166 2462 292 2496 semesam
303 2448 425 2510 praedam
439 2457 464 2497 et
477 2449 584 2510 vestigia
597 2449 673 2497 foeda
686 2451 823 2498 relincunt.

95 2540 145 2583 245
165 2551 218 2584 una
230 2537 257 2584 in
270 2538 402 2599 praecelsa
415 2537 531 2586 consedit
543 2552 606 2600 rupe
620 2536 743 2596 Celaeno,

165 2625 256 2673 infelix
268 2632 347 2684 vates,
363 2626 509 2688 rumpitque
522 2625 588 2673 hanc
601 2634 704 2688 pectore
717 2640 817 2675 vocem.
