1816 2956
85 187 142 236 126
321 198 347 236 r.
365 197 487 236 vsnornr
507 197 637 237 aaronis

152 354 251 404 flevisse
264 361 289 403 et
300 354 393 416 gelidis
407 354 471 403 haec
484 354 607 403 evolvisse
620 355 666 402 sub
680 356 770 415 antris,

83 448 133 492 510
152 445 308 494 mulcentem
320 443 393 505 tigris
407 451 432 492 et
443 450 563 505 agentem
577 444 690 492 carmine
703 460 821 507 quercus,

154 533 363 597 qualispopulea
375 547 493 582 maerens
507 532 649 595 philomela
663 533 709 580 sub
723 533 815 582 umbra

84 684 86 688 ι
152 622 261 681 amissos
275 622 389 685 queritur
401 621 476 680 fetus,
492 636 556 684 quos
570 622 648 669 durus
661 630 748 670 arator
765 641 768 646 ·

153 710 292 760 obsecrans
305 710 367 758 nido
379 710 503 773 inplumis
517 711 636 768 detraxit,
652 717 679 759 at
692 710 738 759 ilia

152 800 196 849 flet
208 805 310 860 noctem
323 814 447 862 ramoque
460 800 551 847 sedens
565 799 711 848 miserabile
725 815 829 849 carmen

83 893 133 937 515
153 889 266 951 integrat
278 895 303 937 et
314 887 418 936 maestis
431 888 483 936 late
496 887 555 935 loca
568 886 699 950 questibus
711 889 802 950 inplet.

154 979 228 1042 nulia
239 977 338 1036 Venus,
353 990 406 1024 non
419 976 467 1024 ulli
480 976 596 1025 animum
609 977 702 1025 flexere
715 977 861 1038 hymenaei.

154 1068 224 1116 solus
237 1065 415 1129 Hyperboreas
428 1065 524 1127 glacies
537 1064 699 1127 Tanaimque
712 1065 824 1114 nivalem

154 1170 265 1218 arvaque
278 1154 400 1217 Rhipaeis
413 1168 554 1216 numquam
567 1154 671 1202 viduata
684 1155 782 1215 pruinis

154 1243 289 1303 lustrabat,
305 1250 405 1306 raptam
416 1242 562 1304 Eurydicen
576 1249 653 1304 atque
666 1242 743 1293 inrita
755 1243 824 1292 Ditis

86 1338 135 1382 520
155 1333 224 1381 dona
242 1347 367 1396 querens;
386 1338 487 1394 spretae
500 1329 627 1378 Ciconum
645 1346 696 1393 quo
709 1346 815 1381 munere
828 1349 883 1383 ma-

456 1426 506 1467 tres

155 1511 223 1558 inter
234 1524 307 1558 sacra
321 1509 396 1556 deum
410 1509 580 1570 nocturnique
593 1508 666 1569 orgia
679 1509 775 1557 Bacchi

119 1657 121 1661 .
157 1599 314 1661 discerptum
326 1597 393 1645 latos
406 1597 523 1645 iuvenem
536 1612 652 1659 sparsere
665 1612 710 1660 per
723 1613 808 1660 agros.

157 1695 212 1736 tum
225 1701 328 1750 quoque
341 1699 486 1734 marmorea
499 1693 576 1747 caput
589 1701 604 1734 a
618 1687 715 1735 cervice
727 1688 857 1736 revolsum

156 1776 258 1839 gurgite
271 1791 329 1824 cum
342 1775 428 1823 medio
442 1781 547 1837 portans
561 1772 686 1836 Oeagrius
700 1775 800 1824 Hebrus

88 1871 137 1914 525
157 1866 277 1924 volveret,
293 1864 439 1926 Eurydicen
451 1878 502 1915 vox
514 1864 570 1925 ipsa
584 1871 609 1911 et
621 1863 715 1925 frigida
728 1865 828 1926 lingua,

157 1971 173 2004 a
185 1955 305 2003 miseram
317 1953 462 2015 Eurydicen
476 1952 562 2000 anima
575 1951 688 2013 fugiente
701 1953 819 2013 vocabat,

157 2043 303 2106 Eurydicen
317 2049 370 2090 toto
384 2040 529 2090 referebant
540 2041 645 2088 flumine
658 2033 749 2103 ripae.³

157 2134 222 2181 haec
234 2133 350 2191 Proteus,
367 2139 392 2180 et
403 2145 430 2178 se
443 2131 512 2178 iactu
527 2130 597 2177 dedit
609 2144 707 2191 aequor
719 2130 746 2177 in
760 2131 844 2179 altum

159 2236 261 2284 quaque
275 2221 345 2269 dedit
358 2227 520 2282 spumantem
532 2219 629 2266 undam
641 2218 687 2266 sub
700 2219 884 2268 verticetorsit.

90 2317 140 2361 530
160 2319 187 2360 at
200 2325 252 2358 non
266 2309 380 2371 Cyrene:
403 2322 514 2369 namque
527 2307 595 2354 ultro
609 2306 697 2354 adfata
710 2307 844 2356 timentem

156 2392 236 2458 ‘nate‚
252 2399 312 2447 licet
325 2397 401 2445 tristis
415 2397 502 2446 animo
516 2397 644 2459 deponere
658 2410 741 2444 curas.

160 2490 224 2538 haec
232 2488 315 2536 omnis
323 2485 405 2534 morbi
419 2501 505 2544 causa,
522 2486 582 2533 hinc
593 2483 739 2532 miserabile
746 2485 886 2548 nymphae,

161 2593 219 2627 cum
232 2576 324 2640 quibus
338 2575 384 2622 illa
397 2575 489 2623 choros
502 2575 568 2622 lucis
581 2573 697 2633 agitabat
710 2573 737 2619 in
750 2573 821 2632 altis,
890 2598 892 2602 >

34 2660 83 2786 Ι
155 2667 264 2716 exitium
277 2665 371 2715 misere
384 2662 484 2728 apibus.
512 2669 539 2710 tu
552 2676 659 2710 munera
671 2661 782 2724 supplex
