<?xml version="1.0" encoding="UTF-8"?>
<!DOCTYPE html PUBLIC "-//W3C//DTD XHTML 1.0 Transitional//EN"
    "http://www.w3.org/TR/xhtml1/DTD/xhtml1-transitional.dtd">
<html xmlns="http://www.w3.org/1999/xhtml" xml:lang="en" lang="en">
 <head>
  <title>
</title>
<meta http-equiv="Content-Type" content="text/html;charset=utf-8" />
  <meta name='ocr-system' content='tesseract 3.04.00' />
  <meta name='ocr-capabilities' content='ocr_page ocr_carea ocr_par ocr_line ocrx_word'/>
</head>
<body>
  <div class='ocr_page' id='page_1' title='image "./pvergiliusmaro01virggoog/pvergiliusmaro01virggoog_0259.png"; bbox 0 0 1816 2956; ppageno 0'>
   <div class='ocr_carea' id='block_1_1' title="bbox 8 112 598 169">
    <p class='ocr_par' dir='ltr' id='par_1_1' title="bbox 8 112 598 169">
     <span class='ocr_line' id='line_1_1' title="bbox 8 112 598 169; baseline 0.014 -11"><span class='ocrx_word' id='word_1_1' title='bbox 8 166 10 169; x_wconf 17' lang='lat' dir='ltr'>v</span> <span class='ocrx_word' id='word_1_2' title='bbox 44 112 105 160; x_wconf 83' lang='grc'>250</span> <span class='ocrx_word' id='word_1_3' title='bbox 283 124 310 162; x_wconf 79' lang='grc' dir='ltr'>Ρ.</span> <span class='ocrx_word' id='word_1_4' title='bbox 327 124 448 164; x_wconf 79' lang='lat' dir='ltr'>VERGILI</span> <span class='ocrx_word' id='word_1_5' title='bbox 469 125 598 166; x_wconf 78' lang='lat' dir='ltr'>MARONIS</span> 
     </span>
    </p>
   </div>
   <div class='ocr_carea' id='block_1_2' title="bbox 60 281 898 2658">
    <p class='ocr_par' dir='ltr' id='par_1_2' title="bbox 114 281 844 348">
     <span class='ocr_line' id='line_1_2' title="bbox 114 281 844 348; baseline 0.011 -21"><span class='ocrx_word' id='word_1_6' title='bbox 114 281 295 343; x_wconf 84' lang='lat' dir='ltr'>quemgenuit.</span> <span class='ocrx_word' id='word_1_7' title='bbox 317 287 431 330; x_wconf 87' lang='lat' dir='ltr'>veterum</span> <span class='ocrx_word' id='word_1_8' title='bbox 443 296 496 329; x_wconf 88' lang='lat' dir='ltr'>non</span> <span class='ocrx_word' id='word_1_9' title='bbox 510 283 637 330; x_wconf 87' lang='lat' dir='ltr'>inmemor</span> <span class='ocrx_word' id='word_1_10' title='bbox 649 285 693 334; x_wconf 91' lang='lat' dir='ltr'>ille</span> <span class='ocrx_word' id='word_1_11' title='bbox 706 293 844 348; x_wconf 85' lang='lat' dir='ltr'>parentum</span> 
     </span>
    </p>

    <p class='ocr_par' dir='ltr' id='par_1_3' title="bbox 60 370 666 434">
     <span class='ocr_line' id='line_1_3' title="bbox 60 370 666 434; baseline 0.008 -18"><span class='ocrx_word' id='word_1_12' title='bbox 60 373 94 417; x_wconf 82' lang='lat'>40</span> <span class='ocrx_word' id='word_1_13' title='bbox 114 375 230 431; x_wconf 76' lang='lat' dir='ltr'>gratatur</span> <span class='ocrx_word' id='word_1_14' title='bbox 242 370 348 418; x_wconf 79' lang='lat' dir='ltr'><strong>reduces</strong></span> <span class='ocrx_word' id='word_1_15' title='bbox 362 377 388 418; x_wconf 91' lang='lat' dir='ltr'>et</span> <span class='ocrx_word' id='word_1_16' title='bbox 399 384 464 432; x_wconf 82' lang='lat' dir='ltr'>gaza</span> <span class='ocrx_word' id='word_1_17' title='bbox 477 371 558 419; x_wconf 83' lang='lat' dir='ltr'>laetus</span> <span class='ocrx_word' id='word_1_18' title='bbox 573 373 666 434; x_wconf 80' lang='lat' dir='ltr'>agresti</span> 
     </span>
    </p>

    <p class='ocr_par' dir='ltr' id='par_1_4' title="bbox 115 458 761 612">
     <span class='ocr_line' id='line_1_4' title="bbox 115 458 673 522; baseline 0.004 -16"><span class='ocrx_word' id='word_1_19' title='bbox 115 458 211 521; x_wconf 84' lang='lat' dir='ltr'>excipit</span> <span class='ocrx_word' id='word_1_20' title='bbox 224 473 253 506; x_wconf 90' lang='lat' dir='ltr'>ac</span> <span class='ocrx_word' id='word_1_21' title='bbox 266 458 346 507; x_wconf 85' lang='lat' dir='ltr'>fessos</span> <span class='ocrx_word' id='word_1_22' title='bbox 359 458 451 522; x_wconf 88' lang='lat' dir='ltr'>opibus</span> <span class='ocrx_word' id='word_1_23' title='bbox 464 460 563 507; x_wconf 88' lang='lat' dir='ltr'>solatur</span> <span class='ocrx_word' id='word_1_24' title='bbox 576 462 673 510; x_wconf 87' lang='lat' dir='ltr'>amicis.</span> 
     </span>
     <span class='ocr_line' id='line_1_5' title="bbox 150 546 761 612; baseline 0.008 -18"><span class='ocrx_word' id='word_1_25' title='bbox 150 546 257 595; x_wconf 87' lang='lat' dir='ltr'>Postera</span> <span class='ocrx_word' id='word_1_26' title='bbox 270 549 424 610; x_wconf 85' lang='lat' dir='ltr'>cumprime</span> <span class='ocrx_word' id='word_1_27' title='bbox 437 549 524 597; x_wconf 87' lang='lat' dir='ltr'>stellas</span> <span class='ocrx_word' id='word_1_28' title='bbox 539 548 644 598; x_wconf 83' lang='lat' dir='ltr'>Oriente</span> <span class='ocrx_word' id='word_1_29' title='bbox 657 551 761 612; x_wconf 85' lang='lat' dir='ltr'>fugarat</span> 
     </span>
    </p>

    <p class='ocr_par' dir='ltr' id='par_1_5' title="bbox 115 635 736 695">
     <span class='ocr_line' id='line_1_6' title="bbox 115 635 736 695; baseline 0.005 -12"><span class='ocrx_word' id='word_1_30' title='bbox 115 636 185 684; x_wconf 89' lang='lat' dir='ltr'>clara</span> <span class='ocrx_word' id='word_1_31' title='bbox 198 635 261 695; x_wconf 90' lang='lat' dir='ltr'>dies,</span> <span class='ocrx_word' id='word_1_32' title='bbox 277 637 362 685; x_wconf 86' lang='lat' dir='ltr'>socios</span> <span class='ocrx_word' id='word_1_33' title='bbox 374 636 402 684; x_wconf 90' lang='lat' dir='ltr'>in</span> <span class='ocrx_word' id='word_1_34' title='bbox 416 643 516 686; x_wconf 90' lang='lat' dir='ltr'>coetum</span> <span class='ocrx_word' id='word_1_35' title='bbox 531 638 606 687; x_wconf 86' lang='lat' dir='ltr'>litore</span> <span class='ocrx_word' id='word_1_36' title='bbox 620 639 651 686; x_wconf 91' lang='lat' dir='ltr'>ab</span> <span class='ocrx_word' id='word_1_37' title='bbox 666 641 736 687; x_wconf 90' lang='lat' dir='ltr'>omni</span> 
     </span>
    </p>

    <p class='ocr_par' dir='ltr' id='par_1_6' title="bbox 115 725 739 788">
     <span class='ocr_line' id='line_1_7' title="bbox 115 725 739 788; baseline 0.006 -16"><span class='ocrx_word' id='word_1_38' title='bbox 115 725 224 773; x_wconf 89' lang='lat' dir='ltr'>advocat</span> <span class='ocrx_word' id='word_1_39' title='bbox 235 726 338 774; x_wconf 80' lang='lat' dir='ltr'>Aeneas</span> <span class='ocrx_word' id='word_1_40' title='bbox 352 725 497 788; x_wconf 88' lang='lat' dir='ltr'>tumulique</span> <span class='ocrx_word' id='word_1_41' title='bbox 510 740 542 774; x_wconf 87' lang='lat' dir='ltr'>ex</span> <span class='ocrx_word' id='word_1_42' title='bbox 556 741 650 788; x_wconf 81' lang='lat' dir='ltr'>aggere</span> <span class='ocrx_word' id='word_1_43' title='bbox 663 728 739 776; x_wconf 91' lang='lat' dir='ltr'>satur.</span> 
     </span>
    </p>

    <p class='ocr_par' dir='ltr' id='par_1_7' title="bbox 60 803 898 1235">
     <span class='ocr_line' id='line_1_8' title="bbox 60 803 841 878; baseline 0.006 -17"><span class='ocrx_word' id='word_1_44' title='bbox 60 818 94 862; x_wconf 81' lang='lat'>45</span> <span class='ocrx_word' id='word_1_45' title='bbox 111 803 290 862; x_wconf 73' lang='lat' dir='ltr'>‘Dardanidae</span> <span class='ocrx_word' id='word_1_46' title='bbox 302 814 400 875; x_wconf 87' lang='lat' dir='ltr'>magni,</span> <span class='ocrx_word' id='word_1_47' title='bbox 415 828 496 876; x_wconf 88' lang='lat' dir='ltr'>genus</span> <span class='ocrx_word' id='word_1_48' title='bbox 511 816 563 863; x_wconf 89' lang='lat' dir='ltr'>alto</span> <span class='ocrx_word' id='word_1_49' title='bbox 577 831 592 862; x_wconf 93' lang='lat' dir='ltr'>a</span> <span class='ocrx_word' id='word_1_50' title='bbox 605 817 732 878; x_wconf 85' lang='lat' dir='ltr'>sauguine</span> <span class='ocrx_word' id='word_1_51' title='bbox 746 819 841 877; x_wconf 84' lang='lat' dir='ltr'>divom,</span> 
     </span>
     <span class='ocr_line' id='line_1_9' title="bbox 115 903 701 965; baseline 0.002 -14"><span class='ocrx_word' id='word_1_52' title='bbox 115 917 215 951; x_wconf 85' lang='lat' dir='ltr'>annuos</span> <span class='ocrx_word' id='word_1_53' title='bbox 228 903 325 951; x_wconf 86' lang='lat' dir='ltr'>exactis</span> <span class='ocrx_word' id='word_1_54' title='bbox 339 903 475 965; x_wconf 82' lang='lat' dir='ltr'>conpletur</span> <span class='ocrx_word' id='word_1_55' title='bbox 488 904 617 952; x_wconf 90' lang='lat' dir='ltr'>mensibus</span> <span class='ocrx_word' id='word_1_56' title='bbox 632 905 701 953; x_wconf 92' lang='lat' dir='ltr'>orbis</span> 
     </span>
     <span class='ocr_line' id='line_1_10' title="bbox 115 991 690 1056; baseline 0.002 -17"><span class='ocrx_word' id='word_1_57' title='bbox 115 1006 212 1055; x_wconf 84' lang='lat' dir='ltr'>exque</span> <span class='ocrx_word' id='word_1_58' title='bbox 225 991 348 1054; x_wconf 86' lang='lat' dir='ltr'>reliquias</span> <span class='ocrx_word' id='word_1_59' title='bbox 362 993 492 1055; x_wconf 86' lang='lat' dir='ltr'>divinique</span> <span class='ocrx_word' id='word_1_60' title='bbox 506 1007 564 1040; x_wconf 88' lang='lat' dir='ltr'>ossa</span> <span class='ocrx_word' id='word_1_61' title='bbox 577 994 690 1056; x_wconf 91' lang='lat' dir='ltr'>parentis</span> 
     </span>
     <span class='ocr_line' id='line_1_11' title="bbox 116 1081 785 1144; baseline 0 -14"><span class='ocrx_word' id='word_1_62' title='bbox 116 1081 279 1130; x_wconf 83' lang='lat' dir='ltr'>condidimus</span> <span class='ocrx_word' id='word_1_63' title='bbox 292 1089 360 1129; x_wconf 90' lang='lat' dir='ltr'>terra</span> <span class='ocrx_word' id='word_1_64' title='bbox 372 1089 534 1144; x_wconf 88' lang='lat' dir='ltr'>maestasque</span> <span class='ocrx_word' id='word_1_65' title='bbox 548 1083 704 1130; x_wconf 81' lang='lat' dir='ltr'>sacravimus</span> <span class='ocrx_word' id='word_1_66' title='bbox 719 1098 785 1130; x_wconf 78' lang='lat' dir='ltr'>arae.</span> 
     </span>
     <span class='ocr_line' id='line_1_12' title="bbox 114 1170 898 1235; baseline 0.004 -17"><span class='ocrx_word' id='word_1_67' title='bbox 114 1171 219 1234; x_wconf 89' lang='lat' dir='ltr'>iamque</span> <span class='ocrx_word' id='word_1_68' title='bbox 232 1171 299 1230; x_wconf 87' lang='lat' dir='ltr'>dies,</span> <span class='ocrx_word' id='word_1_69' title='bbox 316 1170 365 1218; x_wconf 87' lang='lat' dir='ltr'>nisi</span> <span class='ocrx_word' id='word_1_70' title='bbox 378 1170 471 1229; x_wconf 83' lang='lat' dir='ltr'>fallor,</span> <span class='ocrx_word' id='word_1_71' title='bbox 487 1170 559 1218; x_wconf 89' lang='lat' dir='ltr'>adest</span> <span class='ocrx_word' id='word_1_72' title='bbox 572 1184 648 1232; x_wconf 90' lang='lat' dir='ltr'>quem</span> <span class='ocrx_word' id='word_1_73' title='bbox 661 1185 762 1235; x_wconf 84' lang='lat' dir='ltr'>semper</span> <span class='ocrx_word' id='word_1_74' title='bbox 775 1188 845 1221; x_wconf 90' lang='lat' dir='ltr'>acer·</span> <span class='ocrx_word' id='word_1_75' title='bbox 890 1185 898 1205; x_wconf 88' lang='lat'><strong>·</strong></span> 
     </span>
    </p>

    <p class='ocr_par' dir='ltr' id='par_1_8' title="bbox 416 1257 485 1316">
     <span class='ocr_line' id='line_1_13' title="bbox 416 1257 485 1316; baseline 0.014 -11"><span class='ocrx_word' id='word_1_76' title='bbox 416 1257 485 1316; x_wconf 77' lang='lat' dir='ltr'>bum,</span> 
     </span>
    </p>

    <p class='ocr_par' dir='ltr' id='par_1_9' title="bbox 62 1345 799 1768">
     <span class='ocr_line' id='line_1_14' title="bbox 62 1345 754 1411; baseline 0.001 -15"><span class='ocrx_word' id='word_1_77' title='bbox 62 1352 96 1396; x_wconf 76' lang='lat'>50</span> <span class='ocrx_word' id='word_1_78' title='bbox 115 1362 216 1411; x_wconf 88' lang='lat' dir='ltr'>semper</span> <span class='ocrx_word' id='word_1_79' title='bbox 229 1348 385 1396; x_wconf 90' lang='lat' dir='ltr'>honoratum</span> <span class='ocrx_word' id='word_1_80' title='bbox 399 1345 448 1410; x_wconf 91' lang='lat' dir='ltr'>(sic</span> <span class='ocrx_word' id='word_1_81' title='bbox 461 1348 486 1395; x_wconf 95' lang='lat' dir='ltr'>di</span> <span class='ocrx_word' id='word_1_82' title='bbox 500 1348 628 1411; x_wconf 84' lang='lat' dir='ltr'>voluistis)</span> <span class='ocrx_word' id='word_1_83' title='bbox 642 1349 754 1397; x_wconf 90' lang='lat' dir='ltr'>habebo.</span> 
     </span>
     <span class='ocr_line' id='line_1_15' title="bbox 114 1435 729 1500; baseline 0 -15"><span class='ocrx_word' id='word_1_84' title='bbox 114 1437 184 1486; x_wconf 85' lang='lat' dir='ltr'>huno</span> <span class='ocrx_word' id='word_1_85' title='bbox 196 1452 245 1500; x_wconf 86' lang='lat' dir='ltr'>ego</span> <span class='ocrx_word' id='word_1_86' title='bbox 259 1435 374 1486; x_wconf 88' lang='lat' dir='ltr'>Gaetulis</span> <span class='ocrx_word' id='word_1_87' title='bbox 389 1450 492 1498; x_wconf 83' lang='lat' dir='ltr'>agerem</span> <span class='ocrx_word' id='word_1_88' title='bbox 504 1438 525 1485; x_wconf 91' lang='lat' dir='ltr'>si</span> <span class='ocrx_word' id='word_1_89' title='bbox 539 1436 656 1500; x_wconf 82' lang='lat' dir='ltr'>Syrtibus</span> <span class='ocrx_word' id='word_1_90' title='bbox 670 1439 729 1486; x_wconf 88' lang='lat' dir='ltr'>exul</span> 
     </span>
     <span class='ocr_line' id='line_1_16' title="bbox 115 1525 765 1589; baseline 0.002 -14"><span class='ocrx_word' id='word_1_91' title='bbox 115 1527 271 1589; x_wconf 84' lang='lat' dir='ltr'>Argolicove</span> <span class='ocrx_word' id='word_1_92' title='bbox 284 1526 349 1573; x_wconf 86' lang='lat' dir='ltr'>mari</span> <span class='ocrx_word' id='word_1_93' title='bbox 364 1525 504 1588; x_wconf 89' lang='lat' dir='ltr'>deprensus</span> <span class='ocrx_word' id='word_1_94' title='bbox 519 1534 543 1574; x_wconf 90' lang='lat' dir='ltr'>et</span> <span class='ocrx_word' id='word_1_95' title='bbox 555 1526 618 1574; x_wconf 88' lang='lat' dir='ltr'>urbe</span> <span class='ocrx_word' id='word_1_96' title='bbox 631 1527 765 1588; x_wconf 87' lang='lat' dir='ltr'>Mycenae,</span> 
     </span>
     <span class='ocr_line' id='line_1_17' title="bbox 116 1615 799 1679; baseline 0.001 -16"><span class='ocrx_word' id='word_1_97' title='bbox 116 1630 203 1664; x_wconf 88' lang='lat' dir='ltr'>annua</span> <span class='ocrx_word' id='word_1_98' title='bbox 215 1622 275 1663; x_wconf 86' lang='lat' dir='ltr'>vota</span> <span class='ocrx_word' id='word_1_99' title='bbox 287 1621 373 1662; x_wconf 90' lang='lat' dir='ltr'>tamen</span> <span class='ocrx_word' id='word_1_100' title='bbox 387 1615 571 1678; x_wconf 87' lang='lat' dir='ltr'>sollemnisque</span> <span class='ocrx_word' id='word_1_101' title='bbox 585 1616 675 1664; x_wconf 91' lang='lat' dir='ltr'>ordine</span> <span class='ocrx_word' id='word_1_102' title='bbox 688 1631 799 1679; x_wconf 88' lang='lat' dir='ltr'>pompas</span> 
     </span>
     <span class='ocr_line' id='line_1_18' title="bbox 115 1704 711 1768; baseline -0.002 -15"><span class='ocrx_word' id='word_1_103' title='bbox 115 1719 256 1768; x_wconf 86' lang='lat' dir='ltr'>exequerer</span> <span class='ocrx_word' id='word_1_104' title='bbox 268 1711 444 1766; x_wconf 89' lang='lat' dir='ltr'>strueremque</span> <span class='ocrx_word' id='word_1_105' title='bbox 457 1705 509 1752; x_wconf 90' lang='lat' dir='ltr'>suis</span> <span class='ocrx_word' id='word_1_106' title='bbox 523 1705 615 1753; x_wconf 88' lang='lat' dir='ltr'>altaria</span> <span class='ocrx_word' id='word_1_107' title='bbox 628 1704 711 1752; x_wconf 90' lang='lat' dir='ltr'>donis.</span> 
     </span>
    </p>

    <p class='ocr_par' dir='ltr' id='par_1_10' title="bbox 63 1792 848 2212">
     <span class='ocr_line' id='line_1_19' title="bbox 63 1792 766 1855; baseline -0.001 -13"><span class='ocrx_word' id='word_1_108' title='bbox 63 1799 95 1842; x_wconf 87' lang='lat'>55</span> <span class='ocrx_word' id='word_1_109' title='bbox 116 1808 185 1842; x_wconf 89' lang='lat' dir='ltr'>nuno</span> <span class='ocrx_word' id='word_1_110' title='bbox 197 1794 265 1840; x_wconf 89' lang='lat' dir='ltr'>ultro</span> <span class='ocrx_word' id='word_1_111' title='bbox 279 1793 311 1840; x_wconf 83' lang='lat' dir='ltr'>ad</span> <span class='ocrx_word' id='word_1_112' title='bbox 326 1793 424 1841; x_wconf 87' lang='lat' dir='ltr'>cineres</span> <span class='ocrx_word' id='word_1_113' title='bbox 437 1792 518 1855; x_wconf 90' lang='lat' dir='ltr'>ipsius</span> <span class='ocrx_word' id='word_1_114' title='bbox 532 1800 557 1840; x_wconf 93' lang='lat' dir='ltr'>et</span> <span class='ocrx_word' id='word_1_115' title='bbox 571 1807 629 1840; x_wconf 86' lang='lat' dir='ltr'>ossa</span> <span class='ocrx_word' id='word_1_116' title='bbox 642 1795 766 1855; x_wconf 84' lang='lat' dir='ltr'>parentis,</span> 
     </span>
     <span class='ocr_line' id='line_1_20' title="bbox 116 1882 844 1944; baseline 0 -14"><span class='ocrx_word' id='word_1_117' title='bbox 116 1882 185 1930; x_wconf 92' lang='lat' dir='ltr'>haud</span> <span class='ocrx_word' id='word_1_118' title='bbox 194 1882 313 1944; x_wconf 89' lang='lat' dir='ltr'>equidem</span> <span class='ocrx_word' id='word_1_119' title='bbox 320 1882 376 1930; x_wconf 92' lang='lat' dir='ltr'>sine</span> <span class='ocrx_word' id='word_1_120' title='bbox 385 1889 470 1930; x_wconf 90' lang='lat' dir='ltr'>mente</span> <span class='ocrx_word' id='word_1_121' title='bbox 482 1896 548 1940; x_wconf 87' lang='lat' dir='ltr'>reor,</span> <span class='ocrx_word' id='word_1_122' title='bbox 564 1882 619 1929; x_wconf 88' lang='lat' dir='ltr'>siue</span> <span class='ocrx_word' id='word_1_123' title='bbox 632 1883 736 1930; x_wconf 84' lang='lat' dir='ltr'>numine</span> <span class='ocrx_word' id='word_1_124' title='bbox 750 1884 844 1939; x_wconf 82' lang='lat' dir='ltr'>divom,</span> 
     </span>
     <span class='ocr_line' id='line_1_21' title="bbox 117 1970 730 2033; baseline 0 -15"><span class='ocrx_word' id='word_1_125' title='bbox 117 1971 239 2019; x_wconf 87' lang='lat' dir='ltr'>adsumus</span> <span class='ocrx_word' id='word_1_126' title='bbox 252 1978 278 2018; x_wconf 88' lang='lat' dir='ltr'>et</span> <span class='ocrx_word' id='word_1_127' title='bbox 289 1978 379 2033; x_wconf 90' lang='lat' dir='ltr'>portus</span> <span class='ocrx_word' id='word_1_128' title='bbox 394 1971 472 2019; x_wconf 89' lang='lat' dir='ltr'>delati</span> <span class='ocrx_word' id='word_1_129' title='bbox 485 1970 610 2018; x_wconf 89' lang='lat' dir='ltr'>intramus</span> <span class='ocrx_word' id='word_1_130' title='bbox 624 1971 730 2018; x_wconf 88' lang='lat' dir='ltr'>amieos.</span> 
     </span>
     <span class='ocr_line' id='line_1_22' title="bbox 117 2058 846 2121; baseline -0.001 -12"><span class='ocrx_word' id='word_1_131' title='bbox 117 2074 178 2121; x_wconf 86' lang='lat' dir='ltr'>ergo</span> <span class='ocrx_word' id='word_1_132' title='bbox 192 2059 260 2121; x_wconf 87' lang='lat' dir='ltr'>agite</span> <span class='ocrx_word' id='word_1_133' title='bbox 274 2067 299 2108; x_wconf 90' lang='lat' dir='ltr'>et</span> <span class='ocrx_word' id='word_1_134' title='bbox 311 2060 408 2108; x_wconf 87' lang='lat' dir='ltr'>laetum</span> <span class='ocrx_word' id='word_1_135' title='bbox 422 2059 507 2107; x_wconf 88' lang='lat' dir='ltr'>cuncti</span> <span class='ocrx_word' id='word_1_136' title='bbox 526 2058 683 2107; x_wconf 88' lang='lat' dir='ltr'>celebremus</span> <span class='ocrx_word' id='word_1_137' title='bbox 702 2059 846 2118; x_wconf 67' lang='lat' dir='ltr'>honorem</span> 
     </span>
     <span class='ocr_line' id='line_1_23' title="bbox 117 2148 848 2212; baseline 0 -16"><span class='ocrx_word' id='word_1_138' title='bbox 117 2163 253 2212; x_wconf 89' lang='lat' dir='ltr'>poscamus</span> <span class='ocrx_word' id='word_1_139' title='bbox 265 2156 367 2208; x_wconf 87' lang='lat' dir='ltr'>ventos,</span> <span class='ocrx_word' id='word_1_140' title='bbox 388 2155 464 2210; x_wconf 87' lang='lat' dir='ltr'>atque</span> <span class='ocrx_word' id='word_1_141' title='bbox 477 2148 541 2195; x_wconf 88' lang='lat' dir='ltr'>haec</span> <span class='ocrx_word' id='word_1_142' title='bbox 554 2162 594 2195; x_wconf 92' lang='lat' dir='ltr'>me</span> <span class='ocrx_word' id='word_1_143' title='bbox 608 2162 682 2195; x_wconf 86' lang='lat' dir='ltr'>sacra</span> <span class='ocrx_word' id='word_1_144' title='bbox 695 2156 760 2210; x_wconf 89' lang='lat' dir='ltr'>quot</span> <span class='ocrx_word' id='word_1_145' title='bbox 774 2149 848 2196; x_wconf 87' lang='lat' dir='ltr'>annis</span> 
     </span>
    </p>

    <p class='ocr_par' dir='ltr' id='par_1_11' title="bbox 64 2236 785 2568">
     <span class='ocr_line' id='line_1_24' title="bbox 64 2236 721 2300; baseline -0.006 -14"><span class='ocrx_word' id='word_1_146' title='bbox 64 2243 97 2287; x_wconf 91' lang='grc'>60</span> <span class='ocrx_word' id='word_1_147' title='bbox 117 2238 180 2287; x_wconf 90' lang='lat' dir='ltr'>urbe</span> <span class='ocrx_word' id='word_1_148' title='bbox 193 2238 255 2286; x_wconf 89' lang='lat' dir='ltr'>velit</span> <span class='ocrx_word' id='word_1_149' title='bbox 267 2238 352 2300; x_wconf 90' lang='lat' dir='ltr'>posita</span> <span class='ocrx_word' id='word_1_150' title='bbox 364 2237 466 2299; x_wconf 87' lang='lat' dir='ltr'>templis</span> <span class='ocrx_word' id='word_1_151' title='bbox 480 2236 527 2284; x_wconf 91' lang='lat' dir='ltr'>sibi</span> <span class='ocrx_word' id='word_1_152' title='bbox 541 2236 607 2284; x_wconf 87' lang='lat' dir='ltr'>ferre</span> <span class='ocrx_word' id='word_1_153' title='bbox 621 2237 721 2284; x_wconf 85' lang='lat' dir='ltr'>dicatis.</span> 
     </span>
     <span class='ocr_line' id='line_1_25' title="bbox 116 2325 716 2388; baseline -0.008 -12"><span class='ocrx_word' id='word_1_154' title='bbox 116 2327 178 2376; x_wconf 89' lang='lat' dir='ltr'>bina</span> <span class='ocrx_word' id='word_1_155' title='bbox 190 2327 270 2375; x_wconf 92' lang='lat' dir='ltr'>boum</span> <span class='ocrx_word' id='word_1_156' title='bbox 283 2327 354 2374; x_wconf 83' lang='lat' dir='ltr'>robis</span> <span class='ocrx_word' id='word_1_157' title='bbox 368 2326 448 2374; x_wconf 85' lang='lat' dir='ltr'>Troia</span> <span class='ocrx_word' id='word_1_158' title='bbox 460 2332 597 2388; x_wconf 81' lang='lat' dir='ltr'>generatus</span> <span class='ocrx_word' id='word_1_159' title='bbox 610 2325 716 2373; x_wconf 83' lang='lat' dir='ltr'>Acestes</span> 
     </span>
     <span class='ocr_line' id='line_1_26' title="bbox 116 2413 785 2478; baseline -0.006 -13"><span class='ocrx_word' id='word_1_160' title='bbox 116 2418 162 2465; x_wconf 91' lang='lat' dir='ltr'>dat</span> <span class='ocrx_word' id='word_1_161' title='bbox 174 2431 283 2464; x_wconf 90' lang='lat' dir='ltr'>numero</span> <span class='ocrx_word' id='word_1_162' title='bbox 296 2415 382 2478; x_wconf 87' lang='lat' dir='ltr'>capita</span> <span class='ocrx_word' id='word_1_163' title='bbox 394 2416 421 2462; x_wconf 91' lang='lat' dir='ltr'>in</span> <span class='ocrx_word' id='word_1_164' title='bbox 434 2415 506 2463; x_wconf 84' lang='lat' dir='ltr'>navis</span> <span class='ocrx_word' id='word_1_165' title='bbox 517 2431 523 2473; x_wconf 83' lang='lat'>3</span> <span class='ocrx_word' id='word_1_166' title='bbox 545 2413 663 2461; x_wconf 89' lang='lat' dir='ltr'>adhibete</span> <span class='ocrx_word' id='word_1_167' title='bbox 677 2421 785 2474; x_wconf 86' lang='lat' dir='ltr'>penates</span> 
     </span>
     <span class='ocr_line' id='line_1_27' title="bbox 116 2501 780 2568; baseline -0.008 -13"><span class='ocrx_word' id='word_1_168' title='bbox 116 2513 143 2555; x_wconf 93' lang='lat' dir='ltr'>et</span> <span class='ocrx_word' id='word_1_169' title='bbox 156 2506 252 2568; x_wconf 86' lang='lat' dir='ltr'>patrios</span> <span class='ocrx_word' id='word_1_170' title='bbox 266 2505 349 2568; x_wconf 90' lang='lat' dir='ltr'>epulis</span> <span class='ocrx_word' id='word_1_171' title='bbox 363 2512 388 2553; x_wconf 90' lang='lat' dir='ltr'>et</span> <span class='ocrx_word' id='word_1_172' title='bbox 401 2519 465 2566; x_wconf 91' lang='lat' dir='ltr'>quos</span> <span class='ocrx_word' id='word_1_173' title='bbox 480 2504 542 2552; x_wconf 87' lang='lat' dir='ltr'>colit</span> <span class='ocrx_word' id='word_1_174' title='bbox 554 2503 649 2564; x_wconf 89' lang='lat' dir='ltr'>hospes</span> <span class='ocrx_word' id='word_1_175' title='bbox 664 2501 780 2550; x_wconf 74' lang='lat' dir='ltr'>Acestes·</span> 
     </span>
    </p>

    <p class='ocr_par' dir='ltr' id='par_1_12' title="bbox 102 2591 742 2658">
     <span class='ocr_line' id='line_1_28' title="bbox 102 2591 742 2658; baseline -0.008 -16"><span class='ocrx_word' id='word_1_176' title='bbox 102 2603 256 2658; x_wconf 82' lang='lat' dir='ltr'>praeterea,</span> <span class='ocrx_word' id='word_1_177' title='bbox 272 2595 294 2644; x_wconf 92' lang='lat' dir='ltr'>si</span> <span class='ocrx_word' id='word_1_178' title='bbox 309 2609 381 2644; x_wconf 92' lang='lat' dir='ltr'>nona</span> <span class='ocrx_word' id='word_1_179' title='bbox 394 2593 461 2643; x_wconf 89' lang='lat' dir='ltr'>diem</span> <span class='ocrx_word' id='word_1_180' title='bbox 473 2591 626 2640; x_wconf 88' lang='lat' dir='ltr'>mortalibus</span> <span class='ocrx_word' id='word_1_181' title='bbox 644 2591 742 2638; x_wconf 89' lang='lat' dir='ltr'>almum</span> 
     </span>
    </p>
   </div>
   <div class='ocr_carea' id='block_1_3' title="bbox 0 0 920 2956">
    <p class='ocr_par' dir='ltr' id='par_1_13' title="bbox 0 0 920 2956">
     <span class='ocr_line' id='line_1_29' title="bbox 0 0 920 2956; baseline 0 0"><span class='ocrx_word' id='word_1_182' title='bbox 0 0 920 2956; x_wconf 95' lang='lat' dir='ltr'> </span> 
     </span>
    </p>
   </div>
  </div>
 </body>
</html>
