<?xml version="1.0" encoding="UTF-8"?>
<!DOCTYPE html PUBLIC "-//W3C//DTD XHTML 1.0 Transitional//EN"
    "http://www.w3.org/TR/xhtml1/DTD/xhtml1-transitional.dtd">
<html xmlns="http://www.w3.org/1999/xhtml" xml:lang="en" lang="en">
 <head>
  <title>
</title>
<meta http-equiv="Content-Type" content="text/html;charset=utf-8" />
  <meta name='ocr-system' content='tesseract 3.04.00' />
  <meta name='ocr-capabilities' content='ocr_page ocr_carea ocr_par ocr_line ocrx_word'/>
</head>
<body>
  <div class='ocr_page' id='page_1' title='image "./pvergiliusmaro01virggoog/pvergiliusmaro01virggoog_0149.png"; bbox 0 0 1816 2956; ppageno 0'>
   <div class='ocr_carea' id='block_1_1' title="bbox 66 169 620 221">
    <p class='ocr_par' dir='ltr' id='par_1_1' title="bbox 66 169 620 221">
     <span class='ocr_line' id='line_1_1' title="bbox 66 169 620 221; baseline 0.007 -4"><span class='ocrx_word' id='word_1_1' title='bbox 66 169 126 218; x_wconf 81' lang='lat'><strong>140</strong></span> <span class='ocrx_word' id='word_1_2' title='bbox 305 180 331 219; x_wconf 81' lang='lat' dir='ltr'><strong>P.</strong></span> <span class='ocrx_word' id='word_1_3' title='bbox 348 180 469 220; x_wconf 80' lang='lat' dir='ltr'><strong>vunnim</strong></span> <span class='ocrx_word' id='word_1_4' title='bbox 489 181 620 221; x_wconf 70' lang='lat' dir='ltr'><strong>nnnoms</strong></span> 
     </span>
    </p>
   </div>
   <div class='ocr_carea' id='block_1_2' title="bbox 63 337 863 2714">
    <p class='ocr_par' dir='ltr' id='par_1_2' title="bbox 133 337 813 670">
     <span class='ocr_line' id='line_1_2' title="bbox 134 337 784 399; baseline 0.006 -13"><span class='ocrx_word' id='word_1_5' title='bbox 134 337 271 387; x_wconf 80' lang='lat' dir='ltr'><strong>transferet</strong></span> <span class='ocrx_word' id='word_1_6' title='bbox 283 344 308 386; x_wconf 91' lang='lat' dir='ltr'><strong>et</strong></span> <span class='ocrx_word' id='word_1_7' title='bbox 319 338 425 399; x_wconf 83' lang='lat' dir='ltr'><strong>longam</strong></span> <span class='ocrx_word' id='word_1_8' title='bbox 438 339 519 386; x_wconf 84' lang='lat' dir='ltr'><strong>multe</strong></span> <span class='ocrx_word' id='word_1_9' title='bbox 531 339 555 387; x_wconf 84' lang='lat' dir='ltr'><strong>vi</strong></span> <span class='ocrx_word' id='word_1_10' title='bbox 568 340 667 388; x_wconf 87' lang='lat' dir='ltr'><strong>muniet</strong></span> <span class='ocrx_word' id='word_1_11' title='bbox 679 340 784 390; x_wconf 82' lang='lat' dir='ltr'><strong>Albam.</strong></span> 
     </span>
     <span class='ocr_line' id='line_1_3' title="bbox 134 427 746 490; baseline 0.003 -15"><span class='ocrx_word' id='word_1_12' title='bbox 134 427 177 476; x_wconf 90' lang='lat' dir='ltr'><strong>hic</strong></span> <span class='ocrx_word' id='word_1_13' title='bbox 189 427 242 475; x_wconf 84' lang='lat' dir='ltr'><strong>iam</strong></span> <span class='ocrx_word' id='word_1_14' title='bbox 255 434 293 476; x_wconf 88' lang='lat' dir='ltr'><strong>ter</strong></span> <span class='ocrx_word' id='word_1_15' title='bbox 306 433 408 475; x_wconf 89' lang='lat' dir='ltr'><strong>centum</strong></span> <span class='ocrx_word' id='word_1_16' title='bbox 421 434 488 476; x_wconf 87' lang='lat' dir='ltr'><strong>totos</strong></span> <span class='ocrx_word' id='word_1_17' title='bbox 502 429 651 490; x_wconf 80' lang='lat' dir='ltr'><strong>regnabitur</strong></span> <span class='ocrx_word' id='word_1_18' title='bbox 664 444 746 478; x_wconf 86' lang='lat' dir='ltr'><strong>anuos</strong></span> 
     </span>
     <span class='ocr_line' id='line_1_4' title="bbox 134 515 755 580; baseline 0.003 -15"><span class='ocrx_word' id='word_1_19' title='bbox 134 523 210 577; x_wconf 82' lang='lat' dir='ltr'><strong>gente</strong></span> <span class='ocrx_word' id='word_1_20' title='bbox 223 515 270 564; x_wconf 85' lang='lat' dir='ltr'><strong>sub</strong></span> <span class='ocrx_word' id='word_1_21' title='bbox 284 515 420 576; x_wconf 89' lang='lat' dir='ltr'><strong>Hectorea,</strong></span> <span class='ocrx_word' id='word_1_22' title='bbox 436 517 622 580; x_wconf 81' lang='lat' dir='ltr'><strong>donecregina</strong></span> <span class='ocrx_word' id='word_1_23' title='bbox 634 519 755 567; x_wconf 77' lang='lat' dir='ltr'><strong>sacerdos</strong></span> 
     </span>
     <span class='ocr_line' id='line_1_5' title="bbox 133 604 813 670; baseline 0.006 -18"><span class='ocrx_word' id='word_1_24' title='bbox 133 604 216 653; x_wconf 86' lang='lat' dir='ltr'><strong>Marto</strong></span> <span class='ocrx_word' id='word_1_25' title='bbox 228 605 313 666; x_wconf 88' lang='lat' dir='ltr'><strong>gravis</strong></span> <span class='ocrx_word' id='word_1_26' title='bbox 326 605 455 667; x_wconf 83' lang='lat' dir='ltr'><strong>geminam</strong></span> <span class='ocrx_word' id='word_1_27' title='bbox 469 612 544 668; x_wconf 88' lang='lat' dir='ltr'><strong>partu</strong></span> <span class='ocrx_word' id='word_1_28' title='bbox 558 607 630 655; x_wconf 86' lang='lat' dir='ltr'><strong>dabit</strong></span> <span class='ocrx_word' id='word_1_29' title='bbox 641 607 691 656; x_wconf 87' lang='lat' dir='ltr'><strong>Ilia</strong></span> <span class='ocrx_word' id='word_1_30' title='bbox 702 608 813 670; x_wconf 87' lang='lat' dir='ltr'><strong>prolem.</strong></span> 
     </span>
    </p>

    <p class='ocr_par' dir='ltr' id='par_1_3' title="bbox 64 693 782 1114">
     <span class='ocr_line' id='line_1_6' title="bbox 64 693 707 757; baseline 0.003 -16"><span class='ocrx_word' id='word_1_31' title='bbox 64 696 115 742; x_wconf 80' lang='lat'><strong>275</strong></span> <span class='ocrx_word' id='word_1_32' title='bbox 134 693 195 742; x_wconf 92' lang='lat' dir='ltr'><strong>inde</strong></span> <span class='ocrx_word' id='word_1_33' title='bbox 207 694 285 756; x_wconf 83' lang='lat' dir='ltr'><strong>lupae</strong></span> <span class='ocrx_word' id='word_1_34' title='bbox 298 693 367 742; x_wconf 82' lang='lat' dir='ltr'><strong>fulvo</strong></span> <span class='ocrx_word' id='word_1_35' title='bbox 380 695 487 743; x_wconf 90' lang='lat' dir='ltr'><strong>nutricis</strong></span> <span class='ocrx_word' id='word_1_36' title='bbox 500 695 612 757; x_wconf 85' lang='lat' dir='ltr'><strong>tegmine</strong></span> <span class='ocrx_word' id='word_1_37' title='bbox 625 696 707 745; x_wconf 86' lang='lat' dir='ltr'><strong>laetus</strong></span> 
     </span>
     <span class='ocr_line' id='line_1_7' title="bbox 133 781 782 846; baseline 0.006 -16"><span class='ocrx_word' id='word_1_38' title='bbox 133 781 259 831; x_wconf 79' lang='lat' dir='ltr'><strong>Romulus</strong></span> <span class='ocrx_word' id='word_1_39' title='bbox 272 783 383 846; x_wconf 79' lang='lat' dir='ltr'><strong>excipiet</strong></span> <span class='ocrx_word' id='word_1_40' title='bbox 395 790 498 845; x_wconf 82' lang='lat' dir='ltr'><strong>gentem</strong></span> <span class='ocrx_word' id='word_1_41' title='bbox 511 791 536 833; x_wconf 89' lang='lat' dir='ltr'><strong>et</strong></span> <span class='ocrx_word' id='word_1_42' title='bbox 547 784 674 832; x_wconf 78' lang='lat' dir='ltr'><strong>Mavortia</strong></span> <span class='ocrx_word' id='word_1_43' title='bbox 687 785 782 834; x_wconf 88' lang='lat' dir='ltr'><strong>condet</strong></span> 
     </span>
     <span class='ocr_line' id='line_1_8' title="bbox 133 870 742 935; baseline 0 -15"><span class='ocrx_word' id='word_1_44' title='bbox 133 872 237 920; x_wconf 91' lang='lat' dir='ltr'><strong>moenia</strong></span> <span class='ocrx_word' id='word_1_45' title='bbox 248 870 431 935; x_wconf 88' lang='lat' dir='ltr'><strong>Romanosque</strong></span> <span class='ocrx_word' id='word_1_46' title='bbox 444 887 490 921; x_wconf 86' lang='lat' dir='ltr'><strong>sno</strong></span> <span class='ocrx_word' id='word_1_47' title='bbox 505 874 536 922; x_wconf 93' lang='lat' dir='ltr'><strong>de</strong></span> <span class='ocrx_word' id='word_1_48' title='bbox 549 873 653 922; x_wconf 90' lang='lat' dir='ltr'><strong>nomine</strong></span> <span class='ocrx_word' id='word_1_49' title='bbox 667 874 742 922; x_wconf 87' lang='lat' dir='ltr'><strong>dicet.</strong></span> 
     </span>
     <span class='ocr_line' id='line_1_9' title="bbox 133 960 776 1025; baseline 0.002 -16"><span class='ocrx_word' id='word_1_50' title='bbox 133 960 173 1009; x_wconf 90' lang='lat' dir='ltr'><strong>his</strong></span> <span class='ocrx_word' id='word_1_51' title='bbox 186 975 235 1023; x_wconf 85' lang='lat' dir='ltr'><strong>ego</strong></span> <span class='ocrx_word' id='word_1_52' title='bbox 248 974 295 1010; x_wconf 92' lang='lat' dir='ltr'><strong>nec</strong></span> <span class='ocrx_word' id='word_1_53' title='bbox 307 968 388 1010; x_wconf 86' lang='lat' dir='ltr'><strong>motas</strong></span> <span class='ocrx_word' id='word_1_54' title='bbox 401 975 487 1010; x_wconf 84' lang='lat' dir='ltr'><strong>reruni</strong></span> <span class='ocrx_word' id='word_1_55' title='bbox 499 977 547 1011; x_wconf 89' lang='lat' dir='ltr'><strong>nec</strong></span> <span class='ocrx_word' id='word_1_56' title='bbox 560 969 676 1024; x_wconf 89' lang='lat' dir='ltr'><strong>tempora</strong></span> <span class='ocrx_word' id='word_1_57' title='bbox 688 976 776 1025; x_wconf 85' lang='lat' dir='ltr'><strong>pon03</strong></span> 
     </span>
     <span class='ocr_line' id='line_1_10' title="bbox 133 1049 765 1114; baseline 0 -16"><span class='ocrx_word' id='word_1_58' title='bbox 133 1049 270 1113; x_wconf 85' lang='lat' dir='ltr'><strong>imperium</strong></span> <span class='ocrx_word' id='word_1_59' title='bbox 281 1049 337 1098; x_wconf 87' lang='lat' dir='ltr'><strong>sine</strong></span> <span class='ocrx_word' id='word_1_60' title='bbox 349 1049 400 1098; x_wconf 87' lang='lat' dir='ltr'><strong>fine</strong></span> <span class='ocrx_word' id='word_1_61' title='bbox 413 1050 481 1098; x_wconf 90' lang='lat' dir='ltr'><strong>dedi.</strong></span> <span class='ocrx_word' id='word_1_62' title='bbox 509 1051 572 1114; x_wconf 92' lang='lat' dir='ltr'><strong>quin</strong></span> <span class='ocrx_word' id='word_1_63' title='bbox 585 1065 676 1113; x_wconf 81' lang='lat' dir='ltr'><strong>aspera</strong></span> <span class='ocrx_word' id='word_1_64' title='bbox 688 1050 765 1110; x_wconf 90' lang='lat' dir='ltr'><strong>luno,</strong></span> 
     </span>
    </p>

    <p class='ocr_par' dir='ltr' id='par_1_4' title="bbox 63 1140 863 1559">
     <span class='ocr_line' id='line_1_11' title="bbox 63 1140 858 1204; baseline 0.005 -18"><span class='ocrx_word' id='word_1_65' title='bbox 63 1143 114 1186; x_wconf 81' lang='lat'><strong>280</strong></span> <span class='ocrx_word' id='word_1_66' title='bbox 134 1153 201 1202; x_wconf 84' lang='lat' dir='ltr'><strong>quse</strong></span> <span class='ocrx_word' id='word_1_67' title='bbox 213 1153 284 1188; x_wconf 82' lang='lat' dir='ltr'><strong>mare</strong></span> <span class='ocrx_word' id='word_1_68' title='bbox 296 1153 366 1187; x_wconf 91' lang='lat' dir='ltr'><strong>nunc</strong></span> <span class='ocrx_word' id='word_1_69' title='bbox 377 1145 510 1202; x_wconf 86' lang='lat' dir='ltr'><strong>terrasque</strong></span> <span class='ocrx_word' id='word_1_70' title='bbox 521 1146 590 1188; x_wconf 83' lang='lat' dir='ltr'><strong>motu</strong></span> <span class='ocrx_word' id='word_1_71' title='bbox 598 1140 750 1202; x_wconf 86' lang='lat' dir='ltr'><strong>caelumque</strong></span> <span class='ocrx_word' id='word_1_72' title='bbox 757 1140 858 1204; x_wconf 81' lang='lat' dir='ltr'><strong>fatigat,</strong></span> 
     </span>
     <span class='ocr_line' id='line_1_12' title="bbox 133 1207 863 1291; baseline 0 -14"><span class='ocrx_word' id='word_1_73' title='bbox 133 1228 243 1277; x_wconf 85' lang='lat' dir='ltr'><strong>consilia</strong></span> <span class='ocrx_word' id='word_1_74' title='bbox 255 1227 282 1276; x_wconf 92' lang='lat' dir='ltr'><strong>in</strong></span> <span class='ocrx_word' id='word_1_75' title='bbox 295 1227 387 1276; x_wconf 89' lang='lat' dir='ltr'><strong>melius</strong></span> <span class='ocrx_word' id='word_1_76' title='bbox 400 1228 493 1277; x_wconf 82' lang='lat' dir='ltr'><strong>referet</strong></span> <span class='ocrx_word' id='word_1_77' title='bbox 505 1243 657 1291; x_wconf 86' lang='lat' dir='ltr'><strong>mecumque</strong></span> <span class='ocrx_word' id='word_1_78' title='bbox 670 1228 766 1277; x_wconf 84' lang='lat' dir='ltr'><strong>fovebit</strong></span> <span class='ocrx_word' id='word_1_79' title='bbox 860 1207 863 1216; x_wconf 43' lang='lat'>¹</span> 
     </span>
     <span class='ocr_line' id='line_1_13' title="bbox 132 1315 823 1380; baseline 0.003 -16"><span class='ocrx_word' id='word_1_80' title='bbox 132 1315 272 1376; x_wconf 84' lang='lat' dir='ltr'><strong>Romanos,</strong></span> <span class='ocrx_word' id='word_1_81' title='bbox 287 1331 372 1365; x_wconf 89' lang='lat' dir='ltr'><strong>rerum</strong></span> <span class='ocrx_word' id='word_1_82' title='bbox 385 1317 513 1378; x_wconf 90' lang='lat' dir='ltr'><strong>dominos,</strong></span> <span class='ocrx_word' id='word_1_83' title='bbox 528 1324 683 1380; x_wconf 84' lang='lat' dir='ltr'><strong>gentemque</strong></span> <span class='ocrx_word' id='word_1_84' title='bbox 697 1324 823 1380; x_wconf 86' lang='lat' dir='ltr'><strong>togatam.</strong></span> 
     </span>
     <span class='ocr_line' id='line_1_14' title="bbox 132 1405 767 1468; baseline 0.002 -14"><span class='ocrx_word' id='word_1_85' title='bbox 132 1405 170 1454; x_wconf 87' lang='lat' dir='ltr'><strong>sic</strong></span> <span class='ocrx_word' id='word_1_86' title='bbox 182 1405 314 1468; x_wconf 89' lang='lat' dir='ltr'><strong>placitum.</strong></span> <span class='ocrx_word' id='word_1_87' title='bbox 341 1405 426 1454; x_wconf 86' lang='lat' dir='ltr'><strong>veniet</strong></span> <span class='ocrx_word' id='word_1_88' title='bbox 438 1406 524 1454; x_wconf 87' lang='lat' dir='ltr'><strong>lustris</strong></span> <span class='ocrx_word' id='word_1_89' title='bbox 538 1405 682 1455; x_wconf 89' lang='lat' dir='ltr'><strong>labentibus</strong></span> <span class='ocrx_word' id='word_1_90' title='bbox 696 1412 767 1455; x_wconf 86' lang='lat' dir='ltr'><strong>aetas</strong></span> 
     </span>
     <span class='ocr_line' id='line_1_15' title="bbox 133 1494 863 1559; baseline 0.004 -16"><span class='ocrx_word' id='word_1_91' title='bbox 133 1510 192 1543; x_wconf 90' lang='lat' dir='ltr'><strong>cum</strong></span> <span class='ocrx_word' id='word_1_92' title='bbox 209 1495 301 1543; x_wconf 91' lang='lat' dir='ltr'><strong>domus</strong></span> <span class='ocrx_word' id='word_1_93' title='bbox 314 1495 434 1544; x_wconf 79' lang='lat' dir='ltr'><strong>Assaraci</strong></span> <span class='ocrx_word' id='word_1_94' title='bbox 448 1495 569 1543; x_wconf 86' lang='lat' dir='ltr'><strong>Phthiam</strong></span> <span class='ocrx_word' id='word_1_95' title='bbox 587 1494 723 1558; x_wconf 88' lang='lat' dir='ltr'><strong>clarasque</strong></span> <span class='ocrx_word' id='word_1_96' title='bbox 739 1496 863 1559; x_wconf 87' lang='lat' dir='ltr'><strong>Mycenas</strong></span> 
     </span>
    </p>

    <p class='ocr_par' dir='ltr' id='par_1_5' title="bbox 63 1583 797 2003">
     <span class='ocr_line' id='line_1_16' title="bbox 63 1583 763 1646; baseline 0.004 -16"><span class='ocrx_word' id='word_1_97' title='bbox 63 1588 113 1632; x_wconf 82' lang='lat'><strong>285</strong></span> <span class='ocrx_word' id='word_1_98' title='bbox 133 1584 236 1632; x_wconf 83' lang='lat' dir='ltr'><strong>servitio</strong></span> <span class='ocrx_word' id='word_1_99' title='bbox 249 1590 348 1646; x_wconf 89' lang='lat' dir='ltr'><strong>premet</strong></span> <span class='ocrx_word' id='word_1_100' title='bbox 360 1599 391 1632; x_wconf 85' lang='lat' dir='ltr'><strong>ac</strong></span> <span class='ocrx_word' id='word_1_101' title='bbox 402 1584 475 1632; x_wconf 88' lang='lat' dir='ltr'><strong>victis</strong></span> <span class='ocrx_word' id='word_1_102' title='bbox 488 1583 663 1632; x_wconf 87' lang='lat' dir='ltr'><strong>dominabitur</strong></span> <span class='ocrx_word' id='word_1_103' title='bbox 676 1584 763 1646; x_wconf 83' lang='lat' dir='ltr'><strong>Argis.</strong></span> 
     </span>
     <span class='ocr_line' id='line_1_17' title="bbox 133 1672 747 1736; baseline 0 -16"><span class='ocrx_word' id='word_1_104' title='bbox 133 1680 253 1720; x_wconf 89' lang='lat' dir='ltr'><strong>nascetur</strong></span> <span class='ocrx_word' id='word_1_105' title='bbox 264 1673 375 1736; x_wconf 79' lang='lat' dir='ltr'><strong>pulchro</strong></span> <span class='ocrx_word' id='word_1_106' title='bbox 387 1673 515 1722; x_wconf 85' lang='lat' dir='ltr'><strong>Troianus</strong></span> <span class='ocrx_word' id='word_1_107' title='bbox 529 1673 628 1736; x_wconf 84' lang='lat' dir='ltr'><strong>origiue</strong></span> <span class='ocrx_word' id='word_1_108' title='bbox 642 1672 747 1732; x_wconf 85' lang='lat' dir='ltr'><strong>Caesar,</strong></span> 
     </span>
     <span class='ocr_line' id='line_1_18' title="bbox 132 1760 797 1825; baseline 0.003 -17"><span class='ocrx_word' id='word_1_109' title='bbox 132 1761 270 1824; x_wconf 86' lang='lat' dir='ltr'><strong>imperium</strong></span> <span class='ocrx_word' id='word_1_110' title='bbox 283 1760 398 1820; x_wconf 84' lang='lat' dir='ltr'><strong>Oceano,</strong></span> <span class='ocrx_word' id='word_1_111' title='bbox 413 1762 510 1810; x_wconf 87' lang='lat' dir='ltr'><strong>famam</strong></span> <span class='ocrx_word' id='word_1_112' title='bbox 524 1763 567 1825; x_wconf 92' lang='lat' dir='ltr'><strong>qui</strong></span> <span class='ocrx_word' id='word_1_113' title='bbox 581 1762 700 1811; x_wconf 88' lang='lat' dir='ltr'><strong>terminet</strong></span> <span class='ocrx_word' id='word_1_114' title='bbox 712 1762 797 1822; x_wconf 85' lang='lat' dir='ltr'><strong>astris,</strong></span> 
     </span>
     <span class='ocr_line' id='line_1_19' title="bbox 131 1850 706 1912; baseline -0.002 -14"><span class='ocrx_word' id='word_1_115' title='bbox 131 1850 223 1910; x_wconf 87' lang='lat' dir='ltr'><strong>Iulius,</strong></span> <span class='ocrx_word' id='word_1_116' title='bbox 239 1865 255 1898; x_wconf 98' lang='lat' dir='ltr'><strong>a</strong></span> <span class='ocrx_word' id='word_1_117' title='bbox 268 1865 364 1912; x_wconf 84' lang='lat' dir='ltr'><strong>magno</strong></span> <span class='ocrx_word' id='word_1_118' title='bbox 378 1851 518 1899; x_wconf 89' lang='lat' dir='ltr'><strong>demissum</strong></span> <span class='ocrx_word' id='word_1_119' title='bbox 531 1865 626 1899; x_wconf 90' lang='lat' dir='ltr'><strong>nomen</strong></span> <span class='ocrx_word' id='word_1_120' title='bbox 640 1850 706 1898; x_wconf 88' lang='lat' dir='ltr'><strong>Iulo.</strong></span> 
     </span>
     <span class='ocr_line' id='line_1_20' title="bbox 134 1938 769 2003; baseline 0 -16"><span class='ocrx_word' id='word_1_121' title='bbox 134 1940 203 1988; x_wconf 88' lang='lat' dir='ltr'><strong>hunc</strong></span> <span class='ocrx_word' id='word_1_122' title='bbox 216 1945 243 1986; x_wconf 87' lang='lat' dir='ltr'><strong>tu</strong></span> <span class='ocrx_word' id='word_1_123' title='bbox 256 1939 320 1988; x_wconf 93' lang='lat' dir='ltr'><strong>olim</strong></span> <span class='ocrx_word' id='word_1_124' title='bbox 333 1940 406 1989; x_wconf 87' lang='lat' dir='ltr'><strong>caelo</strong></span> <span class='ocrx_word' id='word_1_125' title='bbox 419 1941 508 2003; x_wconf 87' lang='lat' dir='ltr'><strong>spoliis</strong></span> <span class='ocrx_word' id='word_1_126' title='bbox 523 1938 635 1988; x_wconf 87' lang='lat' dir='ltr'><strong>Orientis</strong></span> <span class='ocrx_word' id='word_1_127' title='bbox 649 1945 769 1987; x_wconf 87' lang='lat' dir='ltr'><strong>onustum</strong></span> 
     </span>
    </p>

    <p class='ocr_par' dir='ltr' id='par_1_6' title="bbox 63 2028 832 2448">
     <span class='ocr_line' id='line_1_21' title="bbox 63 2028 769 2091; baseline 0 -16"><span class='ocrx_word' id='word_1_128' title='bbox 63 2032 115 2076; x_wconf 81' lang='lat'><strong>290</strong></span> <span class='ocrx_word' id='word_1_129' title='bbox 134 2029 245 2090; x_wconf 84' lang='lat' dir='ltr'><strong>accipies</strong></span> <span class='ocrx_word' id='word_1_130' title='bbox 258 2044 362 2090; x_wconf 82' lang='lat' dir='ltr'><strong>secura3</strong></span> <span class='ocrx_word' id='word_1_131' title='bbox 376 2029 510 2078; x_wconf 83' lang='lat' dir='ltr'><strong>vocabitur</strong></span> <span class='ocrx_word' id='word_1_132' title='bbox 522 2029 565 2077; x_wconf 91' lang='lat' dir='ltr'><strong>hic</strong></span> <span class='ocrx_word' id='word_1_133' title='bbox 578 2043 682 2091; x_wconf 87' lang='lat' dir='ltr'><strong>quoque</strong></span> <span class='ocrx_word' id='word_1_134' title='bbox 694 2028 769 2075; x_wconf 85' lang='lat' dir='ltr'><strong>rotis.</strong></span> 
     </span>
     <span class='ocr_line' id='line_1_22' title="bbox 133 2117 759 2181; baseline -0.003 -15"><span class='ocrx_word' id='word_1_135' title='bbox 133 2132 225 2181; x_wconf 85' lang='lat' dir='ltr'><strong>aspera</strong></span> <span class='ocrx_word' id='word_1_136' title='bbox 237 2125 292 2166; x_wconf 88' lang='lat' dir='ltr'><strong>tum</strong></span> <span class='ocrx_word' id='word_1_137' title='bbox 303 2118 394 2181; x_wconf 88' lang='lat' dir='ltr'><strong>positis</strong></span> <span class='ocrx_word' id='word_1_138' title='bbox 407 2119 542 2167; x_wconf 86' lang='lat' dir='ltr'><strong>mitescent</strong></span> <span class='ocrx_word' id='word_1_139' title='bbox 553 2119 657 2166; x_wconf 82' lang='lat' dir='ltr'><strong>saecula</strong></span> <span class='ocrx_word' id='word_1_140' title='bbox 669 2117 759 2176; x_wconf 84' lang='lat' dir='ltr'><strong>bellis3</strong></span> 
     </span>
     <span class='ocr_line' id='line_1_23' title="bbox 133 2204 832 2266; baseline -0.003 -10"><span class='ocrx_word' id='word_1_141' title='bbox 133 2222 199 2256; x_wconf 84' lang='lat' dir='ltr'><strong>caua</strong></span> <span class='ocrx_word' id='word_1_142' title='bbox 211 2207 285 2256; x_wconf 84' lang='lat' dir='ltr'><strong>Fides</strong></span> <span class='ocrx_word' id='word_1_143' title='bbox 299 2214 324 2255; x_wconf 90' lang='lat' dir='ltr'><strong>et</strong></span> <span class='ocrx_word' id='word_1_144' title='bbox 337 2207 424 2265; x_wconf 81' lang='lat' dir='ltr'><strong>Vesta,</strong></span> <span class='ocrx_word' id='word_1_145' title='bbox 440 2207 521 2255; x_wconf 89' lang='lat' dir='ltr'><strong>Remo</strong></span> <span class='ocrx_word' id='word_1_146' title='bbox 535 2207 683 2255; x_wconf 87' lang='lat' dir='ltr'><strong>cumfratre</strong></span> <span class='ocrx_word' id='word_1_147' title='bbox 697 2204 832 2266; x_wconf 84' lang='lat' dir='ltr'><strong>Quirinus,</strong></span> 
     </span>
     <span class='ocr_line' id='line_1_24' title="bbox 133 2295 778 2358; baseline -0.002 -15"><span class='ocrx_word' id='word_1_148' title='bbox 133 2296 191 2344; x_wconf 91' lang='lat' dir='ltr'><strong>iura</strong></span> <span class='ocrx_word' id='word_1_149' title='bbox 204 2296 319 2356; x_wconf 85' lang='lat' dir='ltr'><strong>dabunt;</strong></span> <span class='ocrx_word' id='word_1_150' title='bbox 340 2296 410 2344; x_wconf 85' lang='lat' dir='ltr'><strong>dirae</strong></span> <span class='ocrx_word' id='word_1_151' title='bbox 423 2296 491 2344; x_wconf 85' lang='lat' dir='ltr'><strong>ferro</strong></span> <span class='ocrx_word' id='word_1_152' title='bbox 504 2303 530 2344; x_wconf 90' lang='lat' dir='ltr'><strong>et</strong></span> <span class='ocrx_word' id='word_1_153' title='bbox 542 2295 702 2358; x_wconf 80' lang='lat' dir='ltr'><strong>conpagibus</strong></span> <span class='ocrx_word' id='word_1_154' title='bbox 716 2295 778 2342; x_wconf 84' lang='lat' dir='ltr'><strong>artis</strong></span> 
     </span>
     <span class='ocr_line' id='line_1_25' title="bbox 134 2384 773 2448; baseline -0.005 -14"><span class='ocrx_word' id='word_1_155' title='bbox 134 2386 288 2434; x_wconf 82' lang='lat' dir='ltr'><strong>claudentur</strong></span> <span class='ocrx_word' id='word_1_156' title='bbox 298 2385 365 2435; x_wconf 90' lang='lat' dir='ltr'><strong>Belli</strong></span> <span class='ocrx_word' id='word_1_157' title='bbox 379 2394 485 2448; x_wconf 77' lang='lat' dir='ltr'><strong>portae3</strong></span> <span class='ocrx_word' id='word_1_158' title='bbox 503 2385 585 2432; x_wconf 81' lang='lat' dir='ltr'><strong>Furor</strong></span> <span class='ocrx_word' id='word_1_159' title='bbox 597 2384 691 2446; x_wconf 88' lang='lat' dir='ltr'><strong>impius</strong></span> <span class='ocrx_word' id='word_1_160' title='bbox 704 2385 773 2432; x_wconf 90' lang='lat' dir='ltr'><strong>intus</strong></span> 
     </span>
    </p>

    <p class='ocr_par' dir='ltr' id='par_1_7' title="bbox 64 2473 840 2627">
     <span class='ocr_line' id='line_1_26' title="bbox 64 2473 840 2537; baseline 0 -14"><span class='ocrx_word' id='word_1_161' title='bbox 64 2480 113 2524; x_wconf 82' lang='lat'><strong>295</strong></span> <span class='ocrx_word' id='word_1_162' title='bbox 134 2489 211 2523; x_wconf 85' lang='lat' dir='ltr'><strong>saeva</strong></span> <span class='ocrx_word' id='word_1_163' title='bbox 222 2475 313 2523; x_wconf 86' lang='lat' dir='ltr'><strong>sedens</strong></span> <span class='ocrx_word' id='word_1_164' title='bbox 327 2489 404 2537; x_wconf 92' lang='lat' dir='ltr'><strong>super</strong></span> <span class='ocrx_word' id='word_1_165' title='bbox 416 2488 488 2522; x_wconf 82' lang='lat' dir='ltr'><strong>arma</strong></span> <span class='ocrx_word' id='word_1_166' title='bbox 501 2480 526 2522; x_wconf 85' lang='lat' dir='ltr'><strong>et</strong></span> <span class='ocrx_word' id='word_1_167' title='bbox 538 2480 641 2522; x_wconf 89' lang='lat' dir='ltr'><strong>centnm</strong></span> <span class='ocrx_word' id='word_1_168' title='bbox 653 2473 752 2521; x_wconf 85' lang='lat' dir='ltr'><strong>vinctus</strong></span> <span class='ocrx_word' id='word_1_169' title='bbox 766 2476 840 2523; x_wconf 86' lang='lat' dir='ltr'><strong>aenis</strong></span> 
     </span>
     <span class='ocr_line' id='line_1_27' title="bbox 133 2556 829 2627; baseline -0.001 -16"><span class='ocrx_word' id='word_1_170' title='bbox 133 2570 192 2627; x_wconf 90' lang='lat' dir='ltr'><strong>post</strong></span> <span class='ocrx_word' id='word_1_171' title='bbox 204 2570 305 2624; x_wconf 83' lang='lat' dir='ltr'><strong>tergum</strong></span> <span class='ocrx_word' id='word_1_172' title='bbox 318 2563 393 2611; x_wconf 90' lang='lat' dir='ltr'><strong>nodis</strong></span> <span class='ocrx_word' id='word_1_173' title='bbox 407 2562 497 2612; x_wconf 81' lang='lat' dir='ltr'><strong>fremet</strong></span> <span class='ocrx_word' id='word_1_174' title='bbox 509 2562 628 2610; x_wconf 83' lang='lat' dir='ltr'><strong>horridus</strong></span> <span class='ocrx_word' id='word_1_175' title='bbox 643 2577 687 2610; x_wconf 89' lang='lat' dir='ltr'><strong>ore</strong></span> <span class='ocrx_word' id='word_1_176' title='bbox 701 2556 829 2611; x_wconf 86' lang='lat' dir='ltr'><strong>cruento.’</strong></span> 
     </span>
    </p>

    <p class='ocr_par' dir='ltr' id='par_1_8' title="bbox 169 2650 783 2714">
     <span class='ocr_line' id='line_1_28' title="bbox 169 2650 783 2714; baseline 0 -14"><span class='ocrx_word' id='word_1_177' title='bbox 169 2651 240 2701; x_wconf 88' lang='lat' dir='ltr'><strong>Haec</strong></span> <span class='ocrx_word' id='word_1_178' title='bbox 253 2651 290 2700; x_wconf 87' lang='lat' dir='ltr'><strong>ait</strong></span> <span class='ocrx_word' id='word_1_179' title='bbox 302 2659 327 2701; x_wconf 88' lang='lat' dir='ltr'><strong>et</strong></span> <span class='ocrx_word' id='word_1_180' title='bbox 338 2651 409 2701; x_wconf 82' lang='lat' dir='ltr'><strong>Maia</strong></span> <span class='ocrx_word' id='word_1_181' title='bbox 421 2652 537 2714; x_wconf 85' lang='lat' dir='ltr'><strong>genitum</strong></span> <span class='ocrx_word' id='word_1_182' title='bbox 550 2651 661 2700; x_wconf 88' lang='lat' dir='ltr'><strong>demittit</strong></span> <span class='ocrx_word' id='word_1_183' title='bbox 672 2650 705 2700; x_wconf 87' lang='lat' dir='ltr'><strong>ab</strong></span> <span class='ocrx_word' id='word_1_184' title='bbox 719 2651 783 2713; x_wconf 86' lang='lat' dir='ltr'><strong>alto,</strong></span> 
     </span>
    </p>
   </div>
   <div class='ocr_carea' id='block_1_3' title="bbox 0 0 912 2956">
    <p class='ocr_par' dir='ltr' id='par_1_9' title="bbox 0 0 912 2956">
     <span class='ocr_line' id='line_1_29' title="bbox 0 0 912 2956; baseline 0 1"><span class='ocrx_word' id='word_1_185' title='bbox 0 0 912 2956; x_wconf 95' lang='lat' dir='ltr'><strong> </strong></span> 
     </span>
    </p>
   </div>
  </div>
 </body>
</html>
