1816 2956
358 197 444 265 ernls.

74 382 186 430 facturos
201 397 310 443 quornm
324 382 428 444 direptis
442 380 576 429 moenibus
590 381 668 440 urbis,

74 486 90 518 ο
104 485 153 532 ege
167 471 287 528 crudelis,
302 471 406 517 flamma
419 471 526 518 delubra
539 470 630 533 petivi:

23 565 53 609 25
74 566 99 606 te
112 574 171 607 vero
185 559 280 606 victore
293 558 363 620 prins
376 560 415 606 vel
429 559 513 606 sidera
527 574 615 606 cursus

73 654 204 695 mutatura
216 661 276 693 snos
290 662 368 709 quam
381 654 405 694 te
418 647 481 694 mihi
494 647 557 695 talia
570 655 660 709 caprae

74 735 202 783 facturum
216 735 303 782 metui.
331 735 383 783 iarn
396 736 447 783 inm
461 737 543 783 scelus
557 737 645 782 omnia
656 737 742 784 vineit.

74 830 132 871 tene
146 837 194 884 ego
208 824 264 885 plus
278 824 361 885 patrio
376 825 454 872 dilexi
469 825 568 887 perdita
580 824 679 885 regno?

74 919 132 959 tene
146 911 213 972 ego?
231 925 278 959 nee
292 912 393 970 mirum,
410 914 480 960 vultu
494 914 601 975 decepta
614 913 703 974 puella

23 1008 54 1052 30
74 1008 104 1047 ut
116 999 176 1058 vidi,
193 1007 220 1046 ut
233 1000 306 1061 perii,
322 1009 351 1047 nt
363 1015 403 1048 me
417 1001 499 1048 malus
514 1001 619 1047 abstulit
632 1001 717 1048 error!

75 1102 127 1135 non
142 1087 262 1150 equidem
275 1103 307 1136 ex
320 1089 368 1135 isto
383 1089 480 1150 speran'
495 1103 602 1151 corpore
615 1104 689 1150 pesse

74 1177 126 1224 tale
140 1176 237 1224 melum
251 1178 336 1225 nasei:
357 1177 440 1224 forma
453 1177 492 1225 vel
506 1177 591 1225 sidera
603 1177 688 1226 falles.

74 1279 116 1312 me
130 1279 182 1311 non
196 1265 295 1312 deliciis
310 1265 448 1312 commovit
461 1265 533 1326 regie
546 1266 623 1323 dives,

75 1353 174 1401 curalio
187 1352 273 1414 fragili
288 1359 364 1414 atque
378 1354 474 1400 electro
488 1354 634 1413 lacrimose,

23 1449 53 1495 35
75 1456 117 1489 me
130 1456 181 1487 non
196 1442 314 1488 florentes
328 1441 430 1502 aequali
445 1457 551 1503 corpere
566 1442 702 1504 nymphae,

74 1545 128 1577 non
142 1537 223 1577 metus
237 1530 370 1576 incensam
384 1530 467 1592 potuit
480 1530 588 1577 retinere
603 1531 717 1577 deorum.

75 1619 163 1666 omnin
177 1619 236 1666 vicit
249 1633 337 1666 emer:
354 1619 414 1680 qnid
430 1618 498 1665 enim
512 1633 563 1664 nen
577 1619 689 1666 vinceret
702 1619 763 1666 ine?

74 1721 129 1754 non
142 1707 204 1754 mihi
218 1707 270 1754 inm
283 1707 373 1768 pingui
388 1706 516 1754 sudabunt
530 1715 646 1768 tempera
659 1706 771 1768 myrrha,

74 1795 194 1859 pronuba
208 1809 255 1842 nec
269 1803 353 1841 castos
367 1796 489 1842 accendet
502 1795 577 1856 pinus
590 1794 702 1843 honores

23 1893 54 1937 ιο
75 1898 124 1931 nec
137 1883 215 1945 Libys
229 1883 334 1944 Assyrio
348 1890 474 1931 sternetur
488 1884 596 1930 lectulus
610 1891 688 1930 estro.

74 1987 142 2019 vena
155 1987 263 2034 queror:
285 1987 325 2019 me
342 1987 374 2020 ne
387 1972 435 2019 ille
448 1972 550 2033 quidem
566 1971 709 2020 eommunis
723 1969 804 2018 alum·

378 2074 438 2107 nam

76 2149 196 2198 omnibns
209 2150 304 2198 iniecta
317 2150 392 2196 tellus
407 2147 544 2195 tumulabit
557 2162 643 2196 arena.

76 2253 151 2287 mene
164 2240 230 2287 inter
243 2245 336 2285 matres
351 2237 538 2297 ancillaresque
550 2236 663 2296 marites,

76 2342 151 2376 mene
165 2329 229 2376 alias
243 2327 310 2374 inter
323 2326 478 2373 famularum
492 2339 596 2372 munere
610 2325 692 2386 fungi,

23 2424 54 2468 25
78 2416 196 2476 coniugis
210 2423 288 2477 atque
302 2422 373 2472 tunc,
394 2428 572 2475 quaecumque
586 2413 633 2482 erit
646 2414 699 2471 ille,
716 2413 805 2461 beatae

77 2519 130 2550 non
145 2503 217 2552 licuit
229 2504 349 2564 gravidos
364 2516 444 2565 pense
459 2502 592 2549 devolvere
605 2501 693 2548 fusos?

77 2598 105 2641 nt
117 2591 178 2640 belli
192 2592 283 2639 saltem
297 2591 423 2653 captivam
437 2591 494 2651 lege
506 2590 638 2637 necesses!

77 2680 130 2728 iam
143 2679 210 2728 fesso
224 2680 329 2728 tandem
342 2679 445 2740 fugiunt
457 2680 489 2728 de
502 2693 610 2741 corpore
623 2679 698 2738 vires,
791 2732 829 2776 d
