1816 2956
298 190 445 230 autumes
464 191 551 229 LIBER
567 192 609 229 tx.
789 182 821 227 4l
835 183 847 228 l

125 363 182 395 cum
195 349 271 409 galea
285 347 362 408 longe
375 347 455 394 iacuit
468 355 553 408 eaput.
581 347 642 395 inde
655 346 766 395 ferarum

123 442 277 483 vastatorem
289 437 426 497 Amycum,
442 449 494 497 quo
508 450 560 482 non
574 435 676 484 felicior
689 436 754 484 alter

54 528 105 573 770
125 539 238 585 unguere
252 525 304 572 tela
317 539 394 572 mauu
408 524 556 586 ferrumque
569 539 669 572 armare
682 539 791 583 veneno,

123 620 149 660 et
162 611 275 674 Clytium
288 613 416 661 Aeoliden
430 619 455 660 et
468 612 579 660 amicum
594 610 705 660 Crethea
717 613 805 670 musis,

125 700 235 749 Crethea
247 716 379 749 musarum
392 681 523 756 comitem·
539 701 580 749 eui
594 700 710 749 carmina
722 715 823 763 semper

125 798 148 838 et
162 790 276 838 citharae
289 789 361 837 cordi
375 804 546 852 numerosque
559 788 693 837 intendere
706 790 798 846 nervis,

123 893 223 939 semper
241 893 321 940 equos
340 887 417 940 atque
431 892 503 924 arma
516 877 598 924 virum
611 891 763 939 pugnasque
777 892 850 926 cane·

426 965 478 1012 bat.

53 1058 103 1104 775
159 1053 277 1101 Tandem
291 1055 409 1102 ductores
423 1055 512 1102 audita
525 1055 604 1103 caede
616 1069 722 1102 suorum

125 1143 280 1189 conveniunt
292 1142 394 1200 Teucri,
410 1141 559 1190 Mnestheus
572 1157 683 1205 acerque
696 1141 822 1202 Serestus,

124 1231 288 1294 palantisque
301 1231 388 1278 vident
400 1230 484 1278 socios
498 1230 650 1293 hostemque
663 1240 801 1293 receptum.

54 1369 58 1377 ,
125 1328 149 1368 et
166 1319 315 1366 Mnestheus
333 1318 394 1380 ‘quo
414 1319 507 1367 deinde
526 1319 629 1381 fugam,
651 1335 703 1382 quo
722 1311 856 1368 tenditisl’

424 1408 521 1470 inquit:

119 1485 196 1559 ‘qnos
211 1497 276 1544 alios
290 1510 386 1554 muros,
403 1510 469 1559 quae
482 1496 534 1543 iam
548 1497 853 1546 ultramoeuiahabetis?

53 1591 104 1637 780
124 1601 190 1633 unus
203 1587 282 1634 homo
296 1593 321 1633 et
333 1586 430 1644 vestris,
447 1600 462 1632 o
476 1585 552 1643 cives,
568 1585 683 1647 undique
697 1593 799 1648 saeptus

124 1675 261 1736 aggeribus
274 1681 358 1721 tantas
372 1681 470 1734 strages
484 1674 581 1736 inpune
595 1688 640 1735 per
652 1673 743 1722 urbem

124 1763 249 1810 ediderit?
269 1762 389 1809 iuvenum
403 1762 500 1824 primos
514 1769 552 1809 tot
564 1761 662 1809 miserit
675 1760 762 1811 Orco?

124 1865 176 1896 non
190 1849 299 1898 infelicis
313 1850 411 1912 patriae
425 1858 591 1911 veterumque
605 1850 712 1898 deorum

124 1945 149 1986 et
161 1938 249 1998 magni
263 1940 377 1995 Aeneae,
393 1951 494 1998 segnes,
510 1938 665 2000 miseretque
679 1931 837 2001 pudetquel'

53 2032 103 2078 785
123 2026 217 2073 talibus
231 2025 332 2074 accensi
347 2025 481 2072 firmantur
494 2034 518 2074 et
531 2027 635 2087 agmine
648 2027 728 2075 denso

124 2114 276 2162 consistunt.
303 2113 406 2161 Turnus
420 2114 557 2176 paullatim
571 2116 694 2164 excedere
707 2130 795 2178 pugna

125 2212 149 2252 ct
162 2203 265 2250 fluvium
279 2210 365 2264 petere
379 2217 408 2250 ae
421 2209 520 2264 partem
534 2217 600 2265 quae
613 2204 726 2266 cingitur
738 2205 816 2272 unda.

123 2289 207 2339 acrius
220 2291 270 2338 hoc
283 2291 376 2339 Teucri
391 2291 504 2339 clamore
517 2291 667 2340 incumbere
679 2307 776 2355 magno

125 2388 149 2428 et
161 2380 306 2440 glomerare
318 2395 433 2438 manum,
450 2394 496 2428 ceu
509 2395 613 2429 saevom
626 2380 702 2427 turha
714 2381 817 2428 leonem

54 2474 104 2520 790
125 2483 183 2516 cum
196 2469 253 2515 telis
266 2468 359 2530 premit
371 2468 488 2526 intensis,
504 2476 530 2517 at
543 2469 644 2517 territus
658 2468 711 2527 ille,

124 2571 206 2618 asper,
223 2557 315 2604 acerba
330 2564 410 2616 tuens,
427 2564 496 2607 retro
510 2558 581 2608 redit
593 2564 620 2608 et
630 2571 723 2619 neque
734 2563 820 2613 terea

109 2643 149 2688 ira
163 2644 225 2691 clare
237 2653 286 2691 aut
298 2645 378 2695 virtus
392 2649 496 2711 patitur
511 2666 563 2702 nee
578 2649 700 2700 tendere
712 2646 820 2693 eomit-
