1816 2956
81 188 96 233 2
108 190 115 233 l
127 187 141 234 2
320 196 346 234 P.
365 195 487 234 VllRGlLl
504 195 635 234 Mauortis

150 353 233 400 turriti
246 352 347 414 scopuli
360 352 504 414 refugitque
518 351 549 398 ab
564 352 640 399 litore
652 352 785 414 templum.

150 448 271 503 quattuor
290 440 347 499 hic,
374 440 485 503 primum
505 455 594 498 omen,
615 454 695 502 equos
716 442 741 488 in
761 442 879 502 gramine

450 529 511 587 vidi,

149 618 284 666 tondentes
298 632 418 680 campum
431 618 491 676 late,
508 617 620 665 candore
633 618 721 665 nivali.

150 714 175 754 et
187 713 260 769 pater
266 706 393 755 Anchises
406 706 521 764 ‘bellum
537 720 553 752 o
566 712 633 753 terra
646 704 757 767 hospita,
773 715 877 768 portas3

79 801 130 844 540
149 795 219 844 bello
238 802 370 844 armantur
393 794 467 857 equi,
494 795 592 843 bellurn
611 794 675 842 haec
695 802 812 842 armenta
831 796 879 844 mi·

390 892 392 897 '
451 891 553 931 uantur.

149 973 194 1022 sed
207 979 294 1021 tamen
307 972 375 1020 idem
389 972 453 1020 olim
466 987 540 1020 curru
554 972 691 1019 succedere
705 973 770 1019 sueti

149 1062 329 1124 quadrupedes
342 1068 368 1109 et
380 1061 452 1109 frena
464 1061 526 1122 iugo
541 1061 681 1108 concordia
694 1061 774 1109 serre:

149 1165 206 1213 spes
220 1158 245 1198 et
257 1142 336 1212 pacis’
350 1149 394 1196 ait.
422 1157 477 1196 tum
490 1149 598 1196 numina
610 1156 699 1197 sancta
713 1165 849 1211 precamur

149 1239 263 1288 Palladis
277 1238 431 1296 armisonae,
447 1252 514 1300 quae
527 1238 610 1300 prima
624 1238 723 1300 accepit
735 1238 845 1297 ovantis,

79 1331 129 1376 545
149 1335 175 1376 et
187 1327 272 1389 capita
286 1332 344 1375 ante
357 1340 414 1373 aras
428 1325 541 1388 Phrygio
554 1327 669 1374 velamur
684 1327 794 1385 amictu;

149 1415 344 1477 praeceptisque
357 1414 458 1474 Heleni,
475 1416 580 1463 dederat
593 1430 660 1477 quae
673 1415 795 1474 maxima,
810 1416 859 1464 rite

148 1502 243 1552 Iunoni
256 1503 369 1565 Argivae
382 1504 465 1551 iussos
479 1504 613 1552 adolemus
627 1504 748 1552 honores.

149 1593 218 1640 haud
232 1607 314 1651 mora,
330 1593 452 1640 continuo
466 1592 584 1655 perfectis
599 1593 688 1640 ordine
702 1593 766 1640 votis

149 1696 246 1729 cornua
257 1681 400 1729 velatarum
414 1680 568 1729 obvertimus
583 1689 753 1730 antennarum

78 1776 129 1819 550
149 1768 378 1832 Graiugenumque
410 1770 500 1818 domos
532 1778 702 1833 suspectaque
733 1771 876 1832 linquimus

450 1874 519 1906 arva.

148 1947 208 1995 hinc
222 1947 292 1995 sinus
306 1946 435 2007 Herculei,
452 1949 473 1995 si
486 1963 547 1996 vera
559 1954 597 1995 est
610 1947 687 2006 fama,
703 1948 810 1996 Tarenti

149 2036 276 2095 comitur3
297 2037 393 2084 attollit
405 2051 432 2084 se
445 2037 504 2085 diva
516 2036 626 2084 Lacinia
639 2044 729 2084 contra

149 2122 325 2187 Caulonisque
339 2140 410 2174 arces
423 2133 448 2173 et
461 2126 622 2186 navifragum
636 2125 797 2187 Scylaceum.

148 2220 203 2261 tum
215 2215 306 2276 procul
319 2229 333 2262 e
345 2215 424 2262 fluctu
437 2214 573 2262 Trinacria
587 2215 699 2262 cernitur
711 2215 799 2261 Aetna

78 2308 128 2351 555
149 2309 174 2351 ct
185 2303 311 2364 gemitum
323 2302 455 2365 ing'entcm
468 2303 555 2365 pelagi
568 2304 721 2365 pulsataque
735 2319 800 2351 saxa

148 2392 266 2440 audimus
279 2393 358 2454 longe
371 2392 517 2454 fractasque
531 2393 563 2439 ad
578 2392 654 2439 litora
667 2407 741 2440 voces

149 2481 318 2543 exultantque
330 2481 396 2528 vada
409 2486 486 2542 atque
499 2488 571 2528 aestu
590 2481 731 2528 miscentur
750 2481 873 2530 harenae.

149 2577 174 2618 et
186 2576 259 2632 pater
271 2568 398 2616 Anchises
408 2559 541 2617 ‘nimirum
554 2569 618 2616 haec
631 2569 678 2616 illa
692 2568 854 2632 Charybdis3

137 2656 316 2706 IrosHelenus
323 2657 457 2722 scopulos,
471 2657 535 2707 haec
543 2673 606 2706 saxa
618 2658 747 2706 horrenda
755 2659 874 2707 canebat.
