1816 2956
87 166 151 228 :4125
331 190 356 228 r.
374 172 495 229 tanaim
507 170 646 229 'nunonis

160 346 296 396 Dardania
309 352 401 395 stratus
416 346 514 405 dextra,
530 346 634 395 securus
648 352 768 395 amorum

162 436 206 500 qui
219 437 340 484 iuvenum
354 435 400 483 tibi
413 450 513 499 semper
525 429 607 495 erant,
623 435 771 486 miserande
783 437 886 496 iaceres,

160 525 188 572 ni
201 524 309 573 fratrum
323 525 418 587 stipata
431 525 523 573 cohors
536 524 602 573 foret
615 524 699 584 obvia,
715 525 812 575 Phorci

152 615 307 678 progenies,
322 620 420 677 septem
432 628 549 674 numero,
564 610 722 676 septenaque
736 612 791 664 tela

91 709 141 752 330
162 704 306 752 coniciunt:
326 703 420 766 partim
433 702 508 764 galea
521 703 657 765 clipeoque
670 703 800 752 resultant

160 790 247 853 inrita,
264 792 367 841 deflexit
379 792 473 855 partim
486 791 640 854 stringentia
655 806 749 855 corpus

161 882 232 931 ulma
243 880 341 930 Venus.
368 880 449 928 fidum
462 881 565 930 Aeneas
578 880 682 929 adfatur
693 880 827 931 Achaten.

160 971 279 1034 ‘suggere
292 971 345 1019 tela
356 970 435 1017 mihi:
456 984 509 1017 non
523 970 606 1017 ullum
620 970 727 1018 dextera
739 967 837 1020 frustra

162 1060 265 1109 torserit
287 1060 315 1107 in
339 1057 463 1118 Rutulos,
491 1065 615 1107 steterunt
640 1073 706 1122 quae
731 1058 760 1106 in
787 1072 889 1124 corpore

207 1141 209 1144 ’
463 1145 571 1196 Graium

91 1241 142 1284 335
161 1236 248 1287 Iliacis
263 1227 380 1297 campis'
403 1243 459 1284 tum
471 1250 594 1296 magnam
607 1233 714 1296 corripit
726 1234 833 1284 hastam

163 1329 188 1372 et
199 1322 273 1370 iacit:
294 1321 341 1368 illa
354 1322 445 1369 volans
459 1321 535 1382 clipei
549 1320 738 1369 transverberat
752 1338 815 1371 uera

161 1409 278 1459 Maeonis
292 1416 318 1459 et
329 1409 436 1457 thoraca
449 1409 525 1456 simul
540 1424 598 1457 cum
611 1414 715 1471 pectore
728 1410 838 1474 rumpit.
900 1392 904 1425 ³

161 1499 222 1548 huic
235 1499 313 1548 frater
326 1498 395 1546 subit
406 1499 523 1546 Alcanor
536 1497 692 1560 fratremque
705 1507 828 1549 ruentem

162 1595 289 1638 sustentat
302 1588 405 1636 dextra:
428 1587 535 1635 traiecto
549 1587 628 1635 missa
640 1586 738 1634 lacerto

92 1685 143 1727 340
162 1679 280 1742 protinus
293 1677 368 1725 hasta
381 1675 446 1738 sugit
458 1682 592 1738 servatque
606 1683 712 1723 cruenta
725 1683 846 1728 tenorem

163 1768 319 1830 dexteraque
337 1780 369 1814 ex
386 1779 475 1813 umero
494 1766 576 1813 nervis
590 1760 747 1813 moribunda
760 1767 890 1831 pependit.

163 1863 217 1904 tum
230 1855 349 1904 Numitor
361 1856 447 1903 iaculo
460 1854 544 1901 fratris
559 1855 590 1902 de
604 1868 711 1916 corpore
723 1863 802 1917 rapto

162 1947 271 1994 Aenean
285 1945 374 2007 petiit;
395 1944 439 1992 sed
454 1958 506 1990 non
520 1950 544 1991 et
557 1943 635 2004 figere
649 1949 741 1990 contra

164 2042 202 2084 est
213 2035 312 2082 licitum
325 2033 465 2096 magnique
478 2032 561 2080 fomur
573 2030 723 2094 perstrinxit
736 2032 869 2083 Achatae.

93 2129 143 2174 345
163 2123 206 2172 hic
220 2121 340 2181 Curibus,
356 2122 437 2171 fidens
450 2121 581 2184 primaevo
596 2133 712 2182 corpore,
730 2119 849 2172 Clausus

163 2212 266 2261 advenit
279 2219 303 2260 ct
316 2211 401 2273 rigida
412 2211 545 2274 Dryopem
557 2209 615 2257 serit
629 2208 728 2256 eminus
743 2209 824 2258 hasta

164 2301 210 2349 sub
224 2307 338 2349 mentum
351 2300 462 2362 graviter
474 2313 563 2362 pressu
579 2297 726 2360 pariterque
740 2297 880 2361 loquentis

163 2405 253 2440 vocem
267 2390 433 2451 animamque
445 2388 514 2450 rapit
526 2387 633 2435 traiecto
647 2391 767 2447 gutture:
785 2397 814 2435 at
828 2390 875 2438 illc
907 2421 908 2436 i

160 2481 248 2532 fronte
268 2478 328 2530 ferit
344 2484 440 2527 terram
452 2482 477 2525 et
489 2490 601 2524 crassum
615 2474 695 2521 vomit
708 2488 753 2523 ore
768 2491 895 2527 cruorem.

76 2581 132 2627 350
156 2578 205 2629 tris
221 2589 335 2644 quoquc
348 2567 490 2621 Threicios
500 2565 605 2612 Boreae
616 2562 648 2608 dc
659 2568 734 2619 agente
743 2576 870 2621 suprema
906 2548 908 2610 l

146 2679 179 2725 et
192 2671 243 2724 tris
262 2686 335 2740 quos
348 2667 417 2718 Idas
431 2665 511 2727 pater
526 2661 553 2702 ct
562 2646 764 2716 patimlsmara
772 2645 869 2700 minut„
