1816 2956
82 194 142 241 216
320 204 346 242 Ρ.
363 202 484 241 vsnoltl
504 202 636 241 ordeolus

80 364 131 408 640
150 360 269 423 rumpite.

149 463 211 498 nam
224 449 308 511 qualis
322 455 485 510 quantusque
499 461 562 494 cavo
575 446 750 509 Polyphemus
763 449 790 495 in
803 458 879 497 antro

150 537 280 599 lanigeras
293 536 392 584 claudit
404 537 515 598 pecudes
529 543 606 598 atque
619 536 699 584 ubera
711 546 819 599 pressat,
900 592 901 596 Ἰ

150 632 253 674 cantum
266 625 311 674 alii
324 638 402 673 curva
414 623 478 672 haec
491 623 608 671 habitant
621 625 654 672 ad
667 625 744 672 litora
757 626 836 687 volgo

148 713 249 762 infandi
263 712 390 776 Cyclopes
404 719 429 761 et
442 712 500 761 altis
513 712 644 760 montibus
657 722 751 762 errant.

79 807 129 850 645
149 803 288 851 tertiariam
301 804 379 850 lunae
391 816 418 850 se
431 815 530 849 cornua
542 801 639 849 lumine
654 803 784 866 conplent,

149 906 208 940 cum
220 892 299 940 vitam
311 891 339 938 in
352 890 423 939 silvis
436 890 503 937 inter
516 891 617 937 deserta
629 889 742 938 ferarum

148 981 230 1029 lustra
242 981 385 1041 domosque
397 978 617 1040 trahovastosque
631 979 662 1026 ab
675 994 739 1042 rupe
746 967 880 1044 Cyclopas

148 1068 280 1131 prospicio
317 1068 482 1130 sonitumque
519 1068 615 1130 pedum
649 1082 790 1130 vocemque
829 1077 880 1118 tre·

448 1170 543 1204 mesco.

146 1246 242 1294 victum
254 1245 394 1305 infelicem,
410 1246 487 1293 bacas
501 1245 672 1307 lapidosaque
686 1260 774 1305 corna,

77 1338 128 1388 650
147 1334 211 1382 dant
222 1335 286 1382 rami
301 1342 326 1382 et
337 1334 416 1382 volsis
429 1341 539 1399 pascunt
551 1333 681 1381 radicibus
694 1333 798 1382 herbae.

147 1423 236 1471 omnia
249 1422 412 1471 conlustrans
425 1423 493 1470 hanc
505 1422 617 1484 primum
630 1422 662 1468 ad
677 1422 754 1471 litora
767 1424 879 1473 classem

83 1529 87 1534 ·
147 1511 270 1573 conspexi
278 1510 436 1570 venientem3
450 1510 511 1558 huic
523 1526 573 1570 me,
589 1511 875 1574 quaecumquefuisset,

146 1598 251 1645 addixi:
273 1599 335 1647 satis
349 1605 386 1646 est
398 1606 501 1661 gentem
514 1600 633 1660 effugisse
646 1600 795 1648 nefandam.

146 1701 190 1734 vos
213 1687 327 1736 animam
351 1688 420 1735 hanc
448 1688 533 1750 potius
558 1704 722 1751 quocumque
747 1689 877 1738 absumite

447 1769 519 1824 leto.'

77 1868 126 1912 655
181 1863 234 1911 Vix
247 1879 278 1912 ea
291 1865 358 1912 fatus
371 1872 434 1924 erat,
450 1880 551 1912 summo
566 1880 623 1912 cum
637 1873 724 1914 monte
737 1867 855 1915 videmus

146 1953 232 2015 ipsum
244 1953 311 2001 inter
323 1954 435 2015 pecudes
448 1961 522 2001 vasta
532 1969 559 2002 se
571 1954 640 2002 mole
653 1961 799 2002 moventem

146 2049 277 2104 pastorem
290 2042 477 2104 Polyphemum
490 2051 515 2090 et
527 2043 604 2090 litora
617 2050 679 2091 nota
691 2051 832 2106 petentem,

146 2139 290 2178 monstrum
297 2130 464 2189 horrendum,
480 2131 598 2189 informe,
614 2131 715 2192 ingens,
731 2133 771 2180 cui
786 2134 876 2182 lumen

447 2220 603 2282 ademptum.

145 2315 236 2356 trunca
248 2323 327 2356 manu
340 2309 415 2371 pinus
428 2310 495 2370 regit
508 2317 532 2357 et
544 2309 652 2370 vestigia
665 2309 764 2357 firmat:

75 2401 125 2444 660
145 2396 277 2459 lanigerae
290 2398 445 2446 comitantur
458 2413 532 2457 ores;
553 2413 584 2446 ea
597 2399 653 2445 sola
666 2399 785 2462 voluptas

145 2486 313 2547 solamenque
326 2486 396 2533 mali.

144 2583 282 2636 postquam
296 2575 361 2638 altos
374 2574 458 2636 tetigit
470 2576 561 2623 fluctus
576 2583 601 2624 et
613 2577 645 2624 ad
660 2590 779 2638 aequora
791 2579 872 2638 venit,

133 2663 246 2711 luminis
260 2663 346 2714 effossi
361 2663 469 2712 fluidum
482 2665 544 2712 lavit
556 2665 616 2712 inde
631 2679 756 2724 cruorem,
