1816 2956
90 400 128 448 54
326 410 352 450 Ρ.
368 408 490 450 VBRGILI
509 409 640 451 MARONIS

157 566 285 630 incipiunt
298 567 395 629 agitata
407 573 548 616 tumescere
562 574 587 616 et
599 567 686 616 aridus
699 568 758 617 altis

156 655 287 704 montibus
301 655 384 703 audiri
397 655 485 716 fragor
498 664 542 704 aut
554 657 702 704 resonantia
716 657 795 719 longe

157 745 235 793 litora
246 744 347 792 misceri
360 751 386 792 et
397 758 532 792 nemorum
545 745 732 794 increbrescere
745 761 868 794 murmur.

87 839 138 882 360
157 834 209 880 iem
221 833 270 881 sibi
282 839 337 880 tum
350 848 366 880 a
379 833 460 881 curvis
473 833 542 881 male
554 839 679 896 temperat
691 835 762 881 unda
778 836 879 893 carinis,

157 936 216 970 cum
228 921 313 970 medio
328 923 422 970 celeres
434 922 550 969 revolant
563 937 594 969 ex
608 936 719 984 aequore
732 924 814 984 mergi

157 1011 348 1073 clamoremque
360 1011 446 1058 ferunt
459 1011 490 1057 ad
505 1010 582 1058 litora
595 1025 705 1072 cumque
717 1011 835 1059 marinae

156 1099 184 1147 in
197 1099 265 1148 sicco
279 1099 373 1148 ludunt
385 1098 479 1147 fulicae
491 1106 618 1160 notasque
630 1099 734 1162 paludis

157 1188 251 1236 deserit
263 1194 340 1250 atque
354 1187 433 1235 altem
446 1202 524 1250 supra
536 1187 606 1235 volat
620 1188 698 1236 ardea
711 1187 815 1236 nubem.

87 1281 136 1323 365
156 1290 233 1339 saepe
246 1277 323 1324 etiam
336 1277 424 1325 stellas
436 1282 511 1324 vento
525 1275 680 1338 inpendente
693 1276 791 1325 videbis

156 1365 308 1428 praecipites
322 1365 394 1413 caelo
408 1364 460 1413 lsbi
474 1365 609 1427 noctisque
622 1379 667 1427 per
679 1365 798 1413 umbram

156 1453 317 1501 flammarum
331 1454 423 1515 longos
437 1469 452 1501 a
465 1460 537 1514 tergo
551 1453 680 1502 albescere
692 1459 797 1512 tractus,

156 1557 232 1604 saepe
244 1542 327 1590 levem
340 1543 442 1604 paleam
455 1547 480 1589 et
492 1541 597 1589 frondes
609 1541 717 1589 volitare
731 1543 844 1591 caducas

156 1638 201 1679 aut
213 1646 313 1679 summa
326 1630 410 1678 nantis
424 1631 451 1677 in
464 1645 533 1693 eque
546 1631 678 1678 colludere
690 1631 803 1692 plumas.

86 1722 116 1768 st
121 1725 136 1767 0
156 1727 183 1768 at
194 1719 294 1768 Boreae
307 1721 338 1767 de
352 1726 424 1782 parte
436 1718 514 1766 trucis
529 1734 586 1766 cum
599 1719 721 1766 fulminat
734 1726 759 1767 et
772 1735 832 1768 cum

154 1808 268 1870 Eurique
281 1808 442 1871 Zephyrique
455 1814 528 1856 tonet
541 1787 641 1867 domus,
658 1809 745 1855 omnia
759 1808 844 1871 plenis

155 1912 215 1944 rura
227 1903 318 1944 natant
330 1897 405 1945 fossis
419 1904 495 1959 atque
509 1897 592 1943 omnis
606 1896 693 1944 navita
706 1902 787 1958 ponto

154 1987 243 2034 umida
255 1987 312 2033 vela
325 1985 396 2046 legit.
436 2000 578 2048 numquam
591 1984 788 2048 inprudentibus
801 1985 881 2033 imber

155 2073 251 2121 obfuit:
267 2079 311 2120 aut
323 2074 398 2120 illum
412 2081 558 2135 surgentem
571 2073 680 2120 vallibus
693 2073 751 2120 imis

84 2166 134 2210 375
153 2163 238 2210 aeriae
252 2161 339 2223 fugere
352 2176 441 2222 grues,
457 2169 501 2210 aut
513 2162 608 2210 bucula
621 2163 722 2210 caelum

155 2251 296 2314 suspiciens
311 2251 405 2313 patulis
420 2251 531 2313 captavit
542 2251 647 2298 naribus
661 2265 746 2308 nurus,

155 2345 200 2386 eut
213 2346 304 2400 arguta
316 2340 388 2387 lacus
402 2340 614 2387 circumvolitavit
627 2339 738 2388 hirundo

155 2434 180 2476 et
192 2435 302 2476 veterem
315 2429 342 2475 in
356 2429 418 2475 limo
432 2443 510 2476 ranae
524 2428 638 2476 cecinere
652 2426 804 2488 querellam.

156 2517 258 2578 saepius
272 2524 297 2565 et
308 2517 381 2565 tectis
395 2516 569 2579 penetralibus
582 2516 674 2564 extulit
687 2530 735 2563 ova
769 2540 771 2544 Α

87 2610 137 2652 380
158 2613 296 2666 angustum
309 2605 416 2653 formica
429 2612 512 2653 terens
525 2605 574 2653 iter
586 2611 611 2652 et
623 2604 688 2652 bibit
700 2605 793 2665 ingens

142 2708 221 2742 arcus
235 2701 262 2743 et
274 2709 289 2744 e
302 2701 381 2759 pastu
394 2694 523 2743 decedens
536 2694 638 2756 agmine
648 2708 744 2754 magno

128 2795 278 2834 corvorum
293 2788 433 2853 increpuit
447 2785 540 2837 densis
553 2782 683 2833 exereitus
695 2781 753 2826 alis.

110 2867 171 2918 lam
190 2876 291 2930 variae
303 2881 405 2947 pelagi
420 2879 557 2930 volucres
570 2881 598 2924 et
612 2884 683 2934 quat
699 2866 764 2913 filib
775 2865 878 2911 &imm
