1816 2956
252 185 401 227 assumes
423 183 511 225 meaa
527 186 547 224 1.
741 174 795 222 lll

73 354 104 395 ut
116 354 198 395 terrae
210 351 290 407 utque
303 358 384 392 novae
398 350 504 406 pateant
516 342 683 404 Karthaginis
697 355 769 390 arces
804 388 807 392 ,

75 434 188 498 hospitio
202 433 319 492 Teucris,
334 446 367 480 ne
380 431 425 480 fati
440 432 527 481 nescia
538 432 608 480 Dido

31 530 55 573 to
75 524 169 573 linibus
182 529 288 571 arceret.
315 522 386 569 volat
398 522 443 571 ille
455 537 501 585 per
514 535 574 570 aera
586 535 710 582 magnum

75 613 184 674 remigio
198 612 298 660 alarum
311 624 341 658 ac
354 610 451 673 Libyae
464 611 529 659 citus
542 610 640 659 adstitit
653 610 713 658 oris.

75 708 101 750 et
112 701 165 748 iam
178 701 248 748 iussa
259 699 329 758 facit,
344 706 495 762 ponuntque
509 699 606 748 ferocia
618 699 699 748 Poeni

75 790 155 839 corda
167 790 269 838 volente
282 789 347 848 dee;
365 788 392 836 in
405 788 494 851 primis
507 788 598 850 regina
610 789 725 850 quietum

76 878 171 941 accipit
182 879 210 926 in
222 878 336 927 Teucros
350 877 465 925 animum
477 883 641 939 mentemque
653 877 801 940 benignam.

31 970 56 1014 »5
112 966 149 1014 At
160 967 217 1028 pius
230 967 341 1024 Aeneas,
356 980 402 1028 per
415 973 518 1015 noctem
530 967 642 1029 plurima
654 968 767 1024 volvens,

75 1061 105 1102 ut
117 1055 228 1117 primum
241 1055 287 1102 lux
300 1055 369 1102 alma
383 1056 443 1102 data
455 1062 502 1114 est,
518 1056 587 1104 exire
600 1055 725 1118 locosque

76 1144 211 1206 explorare
224 1157 312 1202 novos,
329 1158 392 1206 quas
405 1151 481 1191 vento
495 1145 631 1192 accesserit
643 1157 710 1203 oras,

77 1233 121 1295 qui
129 1239 233 1281 teneant
244 1231 516 1295 (namincultavidet),
531 1232 682 1281 hominesne
693 1232 804 1292 feraces,

77 1335 201 1384 quaerere
213 1320 346 1370 constituit
358 1321 487 1382 sociisque
500 1328 591 1369 exacta
604 1321 706 1370 referre.

31 1416 58 1459 lo
78 1410 188 1459 classem
199 1411 226 1457 in
240 1424 354 1459 convexo
368 1423 503 1458 nemorum
516 1409 563 1457 suh
577 1424 640 1473 rupe
653 1417 743 1459 cavata

79 1499 213 1547 arboribus
221 1499 336 1546 clausam
343 1499 440 1547 circum
447 1506 524 1562 atque
534 1499 697 1548 horrentibus
709 1499 806 1548 umbris

79 1588 183 1646 occulit,
198 1587 253 1650 ipse
268 1602 318 1635 uno
331 1587 448 1648 graditur
461 1588 597 1636 comitatus
613 1589 722 1648 Achate,

78 1677 140 1724 bina
152 1691 231 1724 manu
244 1677 297 1724 lato
311 1676 427 1739 crispans
440 1676 545 1724 hastilia
557 1677 632 1726 ferro.

79 1765 121 1814 cui
133 1772 215 1814 mater
228 1766 314 1813 media
326 1779 382 1814 sese
395 1765 454 1812 tulit
467 1765 629 1824 obvia'silva‚

31 1859 58 1902 15
78 1855 184 1916 virginis
198 1869 226 1902 os
240 1854 408 1917 hahitumque
420 1868 511 1915 gerens
524 1862 549 1902 et
561 1855 666 1916 virginis
681 1869 761 1914 arma,

79 1941 223 2004 Spartanae
236 1945 276 1991 vel
289 1942 374 2005 qualis
388 1957 468 2005 equos
481 1942 603 1990 Threissa
616 1943 708 2006 fatigat

49 2037 54 2044 '
80 2029 225 2094 Harpalyce
237 2032 419 2094 volucremque
432 2031 495 2092 fuga
506 2033 674 2093 praevertitur
682 2032 804 2081 Hebrum.

79 2134 192 2183 namque
216 2121 311 2168 umeris
337 2120 368 2168 de
397 2135 468 2168 more
497 2119 610 2168 habilem
639 2122 809 2185 suspenderat

381 2224 470 2257 arcum

78 2299 196 2347 venatrix
209 2299 366 2360 dederatque
379 2312 480 2346 comam
494 2298 637 2348 diffundere
649 2301 740 2360 ventis,

31 2393 60 2436 lo
80 2388 152 2435 nuda
164 2402 233 2449 genu
246 2388 368 2450 nodoque
380 2387 451 2434 sinus
465 2388 575 2436 collecta
587 2389 697 2438 fluentis.

79 2492 111 2525 ac
124 2477 195 2539 prior
205 2467 286 2525 ‘heus'
299 2475 384 2538 inquit
393 2465 522 2536 iuvenes,
538 2485 679 2527 monstrate
692 2492 807 2527 mearum

80 2564 177 2612 vidistis
191 2566 291 2628 siquam
305 2565 347 2612 hic
360 2572 487 2612 errantem
500 2565 566 2614 forte
579 2581 706 2626 sororum,

79 2654 239 2702 succinctam
251 2655 372 2718 pharetra
385 2660 411 2702 et
422 2655 573 2704 maculosae
587 2655 709 2717 tegmine
719 2653 827 2716 lanchaq
