1816 2956
288 190 435 229 Aruernos
453 191 539 229 arnna
555 191 617 230 viu.
788 183 848 230 359

124 347 257 396 discedens
272 347 484 409 chlamydemque
499 361 561 393 auro
575 348 645 394 dedit
657 349 821 396 intertextam

124 435 246 498 frenaque
265 435 341 493 bina,
368 451 439 484 meus
461 449 527 497 quae
550 449 619 483 nunc
642 436 734 494 habet,
762 451 849 494 aurea,

423 523 520 572 Pallas.

124 626 185 673 ergo
198 619 224 660 et
236 626 314 674 quam
326 612 411 674 petitis
423 612 511 660 iuncta
522 619 560 660 est
571 612 633 659 mihi
646 612 749 662 foedere
761 613 853 661 dextra

56 704 104 749 170
124 708 157 760 et,
172 702 218 749 lux
231 715 289 749 cum
303 701 415 762 primurn
428 701 500 748 terris
514 715 541 748 se
555 701 667 748 crastina
679 702 777 760 reddet,
842 747 846 753 .

123 790 220 837 auxilio
234 790 316 837 laetos
329 789 457 837 dimittam
470 789 613 851 opibusque
626 789 728 837 iuvabo.

123 878 221 925 interea
234 891 307 925 sacra
320 877 393 933 haec.
409 876 514 938 quando
528 877 578 925 huc
591 877 695 925 venistis
709 878 794 936 amici,

124 980 219 1023 annua,
235 979 301 1027 quae
315 965 416 1013 differre
430 965 511 1021 nefas,
527 965 654 1014 celebrate
666 966 779 1014 faventes

124 1053 260 1101 nobiscum
272 1060 297 1101 et
307 1053 360 1100 iam
372 1068 441 1102 nunc
449 1053 578 1101 sociorum
586 1054 729 1102 adsuescite
736 1044 851 1102 mensis.'

55 1146 103 1191 175
160 1140 231 1189 Haec
243 1141 286 1188 ubi
301 1141 377 1199 dicta,
394 1142 472 1204 dapes
485 1142 556 1190 iubet
569 1149 594 1190 ct
606 1142 707 1190 sublata
720 1142 810 1205 reponi

123 1232 217 1292 pocula
229 1229 415 1293 gramineoque
427 1231 494 1278 viros
508 1232 578 1279 locat
590 1231 645 1293 ipsc
658 1231 732 1279 sedili

122 1319 341 1381 praecipuomque
354 1326 410 1366 toro
425 1326 450 1366 et
461 1319 546 1366 villosi
560 1320 627 1380 pelle
641 1319 723 1367 leonis

123 1408 218 1469 accipit
229 1408 338 1455 Aenean
352 1407 470 1469 solioque
482 1407 574 1454 invitat
587 1422 689 1455 acerno.

123 1503 177 1544 tum
190 1497 249 1544 lecti
262 1496 366 1544 iuvenes
380 1495 496 1544 certatim
509 1510 621 1558 araeque
634 1497 755 1544 sacerdos

54 1589 103 1632 180
122 1587 220 1634 viscera
233 1592 300 1633 tosta
313 1585 398 1634 ferunt
410 1591 543 1633 taurorum
556 1590 714 1646 onerantque
733 1584 850 1633 canistris

123 1674 191 1722 dona
204 1673 338 1721 laboratae
352 1671 452 1720 Cereris
465 1672 650 1733 Bacchumque
663 1673 818 1720 ministrant.

122 1762 231 1809 vescitur
243 1762 345 1808 Aeneas
359 1761 434 1808 simul
449 1768 474 1808 et
486 1760 601 1807 Troiana
614 1760 732 1808 iuventus

122 1849 238 1911 perpetui
253 1856 325 1909 tergo
339 1847 410 1895 bovis
424 1857 449 1896 ct
462 1848 610 1895 lustralibus
624 1849 697 1897 extis.

157 1936 299 1998 Postquam
317 1943 436 1998 exempta
453 1936 533 1984 fames
553 1943 578 1984 et
597 1951 670 1984 amor
689 1951 852 1999 compressus

424 2025 526 2082 edendi,

53 2120 102 2164 185
122 2129 168 2162 rex
180 2113 317 2161 Euandrus
330 2113 367 2162 ait
376 2102 440 2160 ‘non
453 2113 518 2162 haec
531 2113 669 2161 sollemnia
681 2113 764 2171 nobis,

122 2204 169 2251 has
183 2218 214 2251 ex
227 2217 299 2250 more
313 2203 401 2264 dapes,
417 2201 484 2249 hanc
497 2202 561 2250 tanti
575 2202 688 2249 numinis
702 2216 772 2249 aram

122 2308 188 2340 vana
201 2291 347 2354 superstitio
361 2298 525 2352 veterumque
538 2291 629 2352 ignara
642 2291 748 2338 deorum

123 2381 250 2444 inposuit:
273 2380 363 2437 saevis,
379 2380 472 2441 hospes
486 2378 607 2437 Troiane,
623 2379 726 2440 periclis

123 2470 214 2518 servati
228 2469 336 2517 facimus
349 2468 505 2530 meritosque
519 2482 643 2516 novamus
658 2467 783 2514 honores.

54 2565 103 2606 19⁰
120 2559 172 2604 iam
183 2558 294 2618 primum
307 2557 378 2606 saxis
392 2573 552 2623 suspensam
567 2557 645 2606 hanc
661 2554 757 2614 aspice
771 2555 889 2603 mum*

108 2643 231 2692 disiectae
242 2649 339 2708 procul
354 2660 385 2698 ut
399 2651 491 2702 moles
505 2651 680 2708 desertaque
692 2633 807 2687 inantus
