1816 2956
275 167 423 207 AENEIDOS
440 167 528 206 LIBER
545 167 576 205 X.
759 157 818 204 447

98 341 150 375 uno
164 327 189 373 in
205 326 282 374 corde
294 326 378 388 pudor
390 325 523 387 mixtoque
536 324 638 372 insania
650 325 723 372 luctu

99 415 136 478 [et
148 416 220 463 furiis
234 416 344 477 agitatus
358 429 431 462 amor
443 421 468 462 et
481 412 585 461 conscia
596 413 697 477 virtus].

98 512 175 568 atque
188 505 230 552 hio
243 505 351 551 Aenean
364 517 457 564 magna
472 509 509 551 ter
521 517 583 551 voce
596 503 711 551 vocavit:
755 565 757 569 ,

98 593 200 642 Aeneas
215 592 320 654 agnovit
332 592 400 640 enim
414 592 548 655 laetusque
560 599 688 654 precatur,

49 687 78 732 75
95 672 144 730 ‘sic
157 689 230 744 pater
242 682 286 729 ille
300 681 376 729 deum
389 680 476 740 saciat,
491 681 528 729 sic
541 682 608 729 altus
622 680 736 743 Apollo!

98 771 208 832 incipias
222 770 337 818 conferre
350 762 476 818 manum'

99 867 198 907 tantum
212 859 311 918 effatus,
328 867 353 907 et
364 859 457 907 infesta
469 859 538 907 subit
550 858 639 906 obvius
652 857 735 905 hasta.

98 948 142 995 ille
156 956 241 996 autem
251 937 324 1009 ‘quid
338 961 379 995 me
392 954 489 1009 erepto,
504 947 659 1006 saevissime,
674 955 736 995 nato

99 1037 196 1084 terres?
214 1037 278 1084 haec
291 1036 332 1083 via
344 1036 402 1084 sola
414 1036 463 1083 fuit
475 1052 526 1099 qua
539 1036 645 1098 perdere
659 1049 755 1099 posses.

49 1129 80 1173 80
100 1140 147 1173 nec
160 1133 268 1173 mortem
281 1125 414 1173 horremus
429 1139 476 1173 nec
489 1125 574 1172 divom
589 1124 718 1188 parcimus
730 1124 788 1173 ulli.

101 1215 202 1262 desine:
224 1228 284 1260 nam
298 1213 372 1261 venio
385 1213 523 1262 moriturus
537 1222 561 1262 et
574 1213 638 1262 haec
651 1213 697 1261 tibi
711 1222 786 1276 porto

100 1304 169 1350 dona
182 1293 272 1365 prius.'
297 1302 363 1348 dixit
375 1302 505 1365 telumque
518 1302 620 1350 intorsit
632 1303 659 1350 in
673 1303 782 1351 hostem.

99 1393 160 1440 inde
174 1392 243 1439 aliud
258 1406 334 1453 super
347 1398 425 1453 atque
438 1391 507 1439 aliud
522 1392 628 1455 figitque
641 1393 761 1455 volatque

99 1482 197 1543 ingenti
211 1496 291 1544 gyro3
306 1481 350 1529 sed
364 1481 471 1529 sustinet
484 1496 575 1529 aureus
589 1481 675 1528 umbo.

49 1575 80 1618 85
101 1578 139 1619 ter
153 1571 249 1619 circum
262 1571 406 1620 adstantem
420 1571 505 1618 laevos
519 1570 641 1632 equitavit
653 1569 680 1617 in
693 1560 776 1628 orbes,

100 1661 152 1707 tela
164 1675 242 1707 manu
256 1661 361 1718 iaciens,
377 1667 415 1707 ter
427 1674 513 1707 secum
527 1659 620 1707 Troius
634 1658 708 1706 heros

100 1747 231 1795 inmanem
245 1754 332 1796 aerato
346 1747 492 1796 circumfert
505 1747 617 1808 tegmine
630 1747 729 1794 silvam.
794 1747 797 1753 '

101 1836 161 1883 inde
175 1836 217 1883 ubi
232 1844 269 1883 tot
282 1836 389 1884 traxisse
403 1851 497 1895 moras,
513 1843 551 1883 tot
563 1836 663 1898 spicula
675 1835 762 1883 taedet

101 1925 194 1972 vellere
209 1932 233 1972 et
245 1932 368 1986 urguetur
381 1939 469 1987 pugna
482 1939 633 1986 congressus
646 1924 744 1986 iniqua,

50 2018 82 2061 90
102 2015 183 2060 multa
200 2028 304 2062 movens
322 2014 408 2060 auimo
422 2014 472 2060 iam
486 2015 590 2062 tandem
603 2013 713 2076 erumpit
726 2020 750 2061 et
762 2013 829 2061 inter

102 2102 234 2150 bellatoris
248 2102 306 2164 equi
321 2117 383 2150 aava
396 2109 511 2165 tempora
522 2102 620 2151 conicit
633 2103 742 2150 hastam.

103 2192 171 2238 tollit
184 2206 210 2239 se
225 2198 350 2239 arrectum
365 2190 510 2253 quadrupes
524 2198 549 2240 et
561 2191 675 2240 calcibus
688 2207 764 2240 auras

102 2281 217 2328 verberat
230 2280 390 2342 effusumque
404 2281 515 2342 equitem
528 2295 605 2344 super
616 2281 670 2344 ipse
683 2289 784 2330 secutus

102 2370 211 2431 inplicat
223 2370 356 2431 eiectoque
369 2367 494 2417 incumbit
507 2384 616 2418 cernuos
630 2385 710 2418 armo.

51 2463 82 2506 95
104 2459 217 2507 elamore
230 2458 372 2506 incendunt
385 2459 486 2506 eaelum
499 2459 631 2522 Troesque
644 2459 792 2522 Latinique.

103 2548 208 2596 advolat
220 2549 322 2596 Aeneas
336 2547 481 2610 vaginaque
494 2547 569 2610 eripit
583 2563 675 2596 ensem

103 2644 128 2684 et
138 2652 216 2699 super
226 2636 291 2685 haec
306 2635 356 2684 ‘uhi
370 2651 440 2688 nunc
454 2638 608 2689 Mezentius
624 2650 687 2684 aeer
703 2629 801 2679 ethha-
