1816 2956
282 199 429 238 Auxnioos
447 199 533 238 tisun
550 201 593 238 xu
772 191 828 260 ts]

56 364 88 403 to
109 365 136 402 nt
149 357 211 403 vidit
225 358 324 418 levique
338 367 428 418 patens
443 357 469 402 in
483 364 585 417 pectore
599 357 689 403 volnus

110 445 221 506 cuspidis
235 446 376 503 Ausoniae,
393 445 505 491 lacrimis
519 445 555 492 ita
568 444 635 490 fatur
648 444 754 492 obortis.

105 523 182 581 ‘tene'
195 534 288 596 inquit,
300 523 456 580 ‘miserande
469 548 541 596 puer,
558 548 616 580 cnm
629 535 698 582 laetu
710 533 816 592 veniret,

107 622 199 669 invidit
211 622 325 669 Fortuna
338 621 410 679 mihi,
427 635 459 668 ne
472 635 552 681 regne
565 621 663 669 videres

109 718 197 757 nostra
209 711 338 772 nequead
353 711 424 757 sedes
438 709 519 756 vietor
532 709 650 757 veherere
663 710 800 772 paternas?

56 804 87 845 45
108 813 160 845 non
175 799 238 846 haec
251 798 373 845 Euandro
387 797 419 844 de
431 804 456 845 te
468 797 595 860 promissa
608 798 708 859 parenti

109 886 242 933 discedens
257 886 386 944 dederam,
402 901 460 932 enm
473 900 514 934 me
528 887 668 947 conplexus
683 893 784 934 euntem

108 974 219 1021 mitteret
231 974 257 1019 in
267 988 390 1034 magnum
400 973 536 1036 imperium
545 982 713 1037 metuensque
720 981 838 1022 moneret

109 1063 174 1110 acris
188 1076 242 1109 esse
255 1063 331 1120 viros,
347 1077 405 1109 cum
419 1063 483 1109 dure
495 1063 595 1124 proelia
606 1070 691 1124 gente.

109 1157 133 1198 et
146 1164 215 1197 nuno
228 1151 271 1198 ille
285 1151 389 1211 quidem
402 1165 447 1212 spe
460 1152 570 1198 multum
584 1157 673 1214 eaptus
687 1150 758 1198 inani

57 1245 89 1286 50
109 1240 160 1285 fors
174 1246 199 1286 et
211 1248 270 1286 vota
282 1239 344 1287 facit
357 1240 523 1300 cumuletque
537 1238 629 1287 altoris
643 1239 733 1298 donis3

108 1341 155 1374 nos
169 1328 286 1374 iuvenem
299 1328 447 1375 exanimum
460 1333 485 1375 et
497 1327 533 1374 nil
547 1327 599 1375 iarn
613 1327 765 1375 caelestibus
775 1326 837 1374 ullis

109 1416 243 1464 debentem
257 1430 323 1465 vano
336 1416 427 1464 maesti
441 1416 594 1464 comitamur
607 1416 715 1463 honore.

108 1505 207 1563 infelix,
223 1505 277 1552 neti
291 1505 367 1552 funus
381 1505 484 1553 crudele
497 1503 610 1551 videbis!

108 1593 134 1639 hi
148 1594 227 1640 nostri
242 1595 338 1641 reditus
352 1594 531 1655 expectatique
545 1591 685 1654 triumphi?

57 1687 87 1728 55
108 1680 171 1729 haec
185 1698 242 1730 mea
255 1681 438 1743 magnatides?
458 1688 552 1739 etnon,
568 1681 698 1738 Euandre,
707 1680 836 1742 pudendis

108 1770 254 1816 volneribus
268 1771 371 1832 pulsum
385 1769 493 1830 aspicies
508 1783 554 1816 nec
568 1769 664 1830 sospite
677 1768 761 1815 dirum

109 1857 209 1919 optabis
223 1864 284 1903 nato
298 1856 374 1903 sunus
388 1863 469 1917 pater.
496 1857 519 1903 ei
533 1856 606 1914 mihi,
622 1862 747 1919 quantum

109 1945 265 2007 praesidium
278 1945 396 1991 Ausonia
409 1951 435 1991 et
447 1952 572 2006 quantum
585 1951 612 1991 tu
626 1945 720 2007 perdis,
736 1937 819 1992 Iulel'

145 2032 215 2080 Haec
228 2032 271 2079 ubi
286 2031 393 2089 deflevit,
409 2032 465 2079 tolli
479 2031 624 2081 miserabile
638 2047 731 2095 corpus

57 2127 89 2168 60
109 2122 218 2183 imperat
230 2128 255 2169 ot
267 2126 321 2168 toto
335 2121 413 2168 lectos
428 2134 460 2168 ex
473 2120 576 2181 agmine
588 2121 667 2168 mittit

108 2210 180 2256 mille
193 2210 259 2256 viros
274 2209 317 2270 qui
331 2224 477 2272 supremum
491 2209 644 2258 comitentur
657 2209 782 2258 honorem

108 2298 276 2358 intersintque
290 2297 370 2359 patris
382 2297 504 2356 lacrimis,
520 2298 618 2346 solacia
630 2298 713 2347 luctus

109 2387 204 2446 exigue
216 2386 337 2447 ingentis,
352 2386 446 2434 misero
458 2386 503 2434 sed
517 2385 604 2434 debita
616 2387 691 2449 petri.

109 2474 178 2521 haud
192 2488 282 2535 segnes
297 2474 340 2521 alii
355 2481 436 2522 crates
450 2481 475 2522 et
486 2475 566 2523 molle
579 2474 700 2524 feretrum

57 2567 88 2609 65
109 2561 220 2610 arbuteis
235 2569 325 2610 texunt
337 2562 414 2624 virgis
427 2570 453 2610 et
464 2562 558 2611 vimine
572 2577 670 2624 querno

110 2657 291 2713 extructosque
304 2656 374 2698 toros
388 2649 494 2698 obtentu
507 2650 604 2698 frondis
618 2650 775 2698 inumbrant.

618 2725 680 2780 rs*
