1816 2956
290 181 438 221 suurnnos
462 182 549 221 ursus
566 182 606 221 vr.
786 174 845 222 301

121 355 207 386 rursus
221 340 284 386 etin
299 346 410 386 veterem
423 337 476 385 sato
490 339 605 386 revoluta
619 339 737 399 liguram.

50 433 101 475 450
121 428 187 474 inter
201 442 265 489 quas
278 427 421 475 Phoenissa
433 441 522 475 recens
536 442 551 474 a
564 429 667 476 volnere
679 427 749 475 Dido

122 516 223 564 errabat
236 516 300 563 silva
312 516 339 563 in
353 529 457 577 magna.
486 532 564 578 quarn
576 517 671 564 Troius
684 517 760 565 heros

123 612 151 652 ut
164 605 275 667 primurn
289 605 362 652 iuxta
375 604 445 652 stetit
457 605 632 667 adgnovitque
644 621 690 669 per
703 605 820 655 umbram

122 694 267 752 obscuram,
283 693 387 755 qualem
400 693 483 755 primo
497 694 541 756 qui
554 708 658 754 surgere
672 709 759 743 mense

122 789 167 829 aut
178 783 247 829 videt
261 788 305 830 aut
319 781 411 829 vidisse
424 787 498 845 putat
510 796 556 843 per
568 781 658 830 nubila
671 783 769 842 lunam,

54 876 103 918 455
125 871 228 918 demisit
240 872 360 918 lacrimas
374 870 495 932 dulcique
509 870 610 917 adfatus
624 879 744 919 amorest.

119 951 221 1006 ‘infelix
233 959 312 1017 Dido,
328 972 401 1006 verus
415 958 478 1006 mihi
492 959 597 1007 nuntius
611 973 672 1021 ergo

122 1056 227 1096 venerat
239 1047 378 1095 extinctam
392 1047 511 1110 ferroque
525 1055 640 1096 extrema
652 1046 784 1095 secutam?

123 1135 219 1183 funeris
233 1135 284 1183 heu
297 1134 343 1182 tibi
357 1150 436 1184 causa
448 1135 501 1183 lui?
520 1151 565 1199 per
577 1137 663 1184 sidera
675 1136 740 1194 iuro,

123 1238 169 1287 per
181 1238 287 1286 superos
301 1231 326 1272 et
338 1225 414 1286 siqua
426 1224 489 1272 fides
503 1225 595 1272 tellure
607 1223 654 1272 sub
667 1224 752 1281 imam,

53 1317 103 1360 460
123 1313 225 1371 invitus,
241 1313 339 1374 regina,
355 1319 399 1361 tuo
414 1314 445 1360 de
459 1313 532 1360 litore
546 1313 618 1360 cessi.

123 1402 168 1449 sed
181 1416 222 1450 me
240 1402 310 1449 iussa
324 1402 415 1460 deum,
437 1416 504 1464 quae
523 1416 592 1449 nune
610 1401 657 1449 has
676 1400 713 1449 ire
732 1415 778 1464 per
795 1416 851 1448 um-

425 1490 492 1549 bras,

122 1594 168 1640 per
181 1578 240 1626 loca
252 1586 326 1626 senta
338 1579 388 1626 situ
402 1587 499 1640 cogunt
516 1587 670 1641 noctemque
683 1578 848 1641 profundam,

123 1667 237 1729 imperiis
251 1682 325 1728 egere
338 1669 406 1726 suis;
427 1682 474 1715 nec
488 1668 591 1715 credere
605 1667 674 1729 quivi

123 1755 192 1803 hunc
206 1763 305 1802 tantum
319 1756 365 1802 tibi
378 1771 420 1804 me
433 1756 547 1804 discessu
561 1756 626 1804 serre
640 1757 765 1804 dolorem.

53 1847 103 1890 465
124 1843 184 1891 siste
197 1844 307 1904 gradum
320 1851 396 1906 teque
410 1852 515 1907 aspectu
529 1858 560 1892 ne
574 1843 696 1892 subtrahe
709 1851 806 1891 nostro.

125 1947 202 1993 quem
220 1932 306 1993 iugis?
326 1939 468 1981 extremum
487 1932 554 1988 fatu,
578 1933 647 1994 quod
666 1940 691 1980 te
711 1932 848 1996 adloquor,

424 2022 474 2069 hoc
488 2013 544 2069 est'

124 2107 218 2155 talibus
231 2111 334 2157 Aeneas
348 2111 479 2158 ardentem
492 2118 517 2159 et
529 2118 602 2159 torva
614 2118 729 2159 tuentem

125 2197 223 2244 lenibat
235 2198 310 2246 dictis
324 2199 439 2246 animum
452 2200 624 2262 lacrimasque
637 2199 729 2248 ciebat.

124 2286 170 2333 illa
183 2287 239 2334 solo
252 2287 318 2334 fixos
332 2289 420 2336 oeulos
434 2303 522 2337 aversa
535 2288 638 2337 tenebat

54 2379 105 2423 470
125 2389 172 2423 nee
185 2376 267 2436 magis
281 2376 384 2439 incepto
398 2378 495 2425 voltum
508 2392 627 2426 sermone
639 2383 755 2424 movetur

125 2479 203 2526 quam
216 2465 237 2511 si
251 2465 316 2512 dura
329 2466 394 2513 silex
407 2473 453 2512 aut
464 2451 514 2513 stet
525 2464 656 2529 Marpesia
669 2471 765 2513 cautes.

125 2553 229 2601 tandem
243 2553 366 2616 corripuit
378 2568 433 2601 sese
446 2561 523 2616 atque
536 2553 643 2601 inimica
655 2552 751 2613 refugit

125 2641 151 2687 in
165 2656 254 2690 nemus
267 2642 442 2700 umbriferum,
459 2641 574 2690 coniunx
585 2641 632 2689 ubi
642 2641 771 2703 urist'xnus
778 2640 828 2684 ‘xllx
