1816 2956
279 194 428 234 Aenumos
447 195 534 232 steen
551 195 594 233 111.
772 184 834 231 217

105 353 226 404 dentibus
243 353 393 401 infrendens
411 351 522 412 gemitu,
544 351 712 412 graditurque
730 364 776 412 per
795 365 841 398 ae·

410 454 476 502 quor

51 539 84 583 65
105 533 158 580 iem
170 531 298 588 medium,
313 529 425 578 necdum
437 528 528 576 fluctus
542 529 624 576 latera
637 528 718 574 ardua
730 527 816 574 tinxit.

104 636 153 669 nos
166 620 259 683 procul
271 619 332 666 inde
345 617 434 678 lugam
447 617 539 679 trepidi
554 618 676 675 celerare,
691 624 794 678 recepto

105 709 224 772 supplice
236 708 273 755 sic
287 707 388 764 merito,
404 707 527 768 tacitique
540 706 654 753 incidere
666 705 770 764 lunem3

105 798 230 847 verrimus
244 803 270 844 et
281 795 357 859 proni
371 795 528 842 certantibus
542 809 657 856 aequora
669 794 754 841 remis.

104 887 186 935 sensit
198 893 224 934 et
237 885 269 932 ad
283 884 398 931 sonitum
409 884 479 931 vocis
492 884 600 944 vestigia
612 883 695 929 torsit.

51 982 84 1027 ⁷0
104 990 194 1024 verum
207 974 251 1020 ubi
265 974 340 1021 nulla
353 972 429 1019 datur
442 973 532 1020 dextra
546 971 675 1019 adfectare
688 977 802 1032 potestas

104 1078 154 1113 nec
166 1063 235 1126 potia
247 1062 336 1110 Ionios
349 1061 442 1109 fluctus
456 1074 567 1122 aequare
580 1059 721 1121 sequendo,

105 1153 246 1201 clamorem
259 1151 406 1198 inmensum
419 1150 496 1208 tollit,
513 1163 565 1211 quo
578 1156 672 1211 pontus
687 1155 711 1196 et
724 1163 818 1196 ornnes

104 1248 283 1289 contremuere
294 1239 380 1287 undae
394 1239 547 1300 penitusque
560 1238 682 1285 exterrita
694 1237 770 1284 tellus

103 1330 197 1378 Italiae
210 1329 344 1389 curvisque
357 1327 479 1388 inmugiit
491 1327 577 1374 Aetna
590 1326 714 1373 cavernis.

51 1423 84 1470 75
104 1427 132 1467 ot
144 1431 226 1480 genus
240 1432 253 1465 e
267 1417 336 1464 silvis
348 1414 495 1477 Cyclopum
507 1423 532 1463 et
545 1415 676 1462 montibus
690 1416 748 1462 altis

104 1507 218 1556 excitum
230 1507 282 1553 ruit
295 1506 327 1552 ad
341 1511 429 1567 portus
443 1511 468 1551 et
481 1504 558 1550 litora
571 1504 701 1566 conplent.

104 1595 233 1644 cernimus
247 1594 372 1641 adstantis
386 1593 543 1655 nequiquam
557 1592 655 1640 lumine
669 1601 741 1640 torvo

104 1686 236 1732 Aetnaeos
249 1682 348 1741 fratres,
364 1682 436 1730 caelo
450 1681 536 1743 capita
549 1681 601 1728 alta
614 1679 727 1739 ferentis,

104 1773 246 1821 concilium
260 1771 434 1829 horrendum
455 1769 544 1831 quales
558 1785 616 1817 cnm
629 1769 723 1817 vertice
736 1771 808 1818 celso

51 1867 83 1911 80
104 1862 190 1910 aeriae
203 1876 313 1923 quercus
327 1867 371 1906 aut
385 1859 514 1906 coniferae
528 1859 647 1920 cyparissi

104 1950 283 2008 constiterunt,
299 1950 364 1997 silva
377 1948 431 1995 alta
442 1947 510 1994 lovis
524 1947 627 1995 lucusve
639 1948 750 1998 Dianae.

103 2038 258 2102 praecipites
271 2045 353 2085 metus
367 2052 426 2084 acer
439 2037 493 2098 agit
506 2052 670 2100 quocumque
683 2040 800 2088 rudentis

104 2135 224 2176 excutere
237 2133 263 2174 et
275 2126 356 2174 ventis
369 2126 503 2174 intendere
516 2128 573 2175 vela
586 2127 715 2176 secundis.

103 2223 195 2264 contra
208 2216 277 2263 iussa
290 2222 397 2262 monent
410 2215 518 2275 Heleni,
540 2215 655 2279 Scyllam
675 2226 753 2280 etque
767 2217 836 2267 Cha·

406 2304 506 2365 rybdim

51 2399 84 2442 85
103 2393 180 2452 inter,
196 2400 331 2455 utramque
343 2393 410 2440 viam
424 2394 467 2441 leti
482 2395 630 2444 discrimine
643 2411 730 2458 parvo,

103 2483 130 2530 ni
144 2489 250 2530 teneant
263 2497 360 2529 cursus.
388 2491 486 2531 certum
500 2492 538 2531 est
551 2485 612 2532 dare
626 2485 706 2533 lintea
718 2494 796 2534 retro.

103 2587 164 2620 ecce
177 2578 263 2619 autern
275 2571 372 2619 Boreas
386 2580 497 2634 angusta
510 2573 541 2620 ab
555 2575 616 2621 sede
628 2574 714 2622 Pelori

103 2661 196 2708 missus
210 2661 291 2708 adest.
320 2661 375 2707 vivo
389 2663 572 2724 praetervehor
586 2663 656 2711 ostia
667 2679 737 2711 seno
