1816 2956
277 211 426 252 Anualuos
441 211 528 250 maan
546 212 597 250 Vll.
774 203 811 249 32
822 202 833 247 l

110 372 166 434 quis
179 371 255 418 Latio
269 370 375 432 antiquo
390 369 465 416 fuerit
477 376 566 427 status,
583 369 681 417 advena
694 369 803 416 classem

109 475 167 508 eum
180 459 292 522 primurn
305 458 428 506 Ausoniis
443 458 569 506 exereitus
583 457 683 520 adpulit
696 457 756 515 oris,

56 555 90 597 40
110 549 244 611 expediam
258 554 283 596 et
296 548 393 609 primae
406 545 532 594 revocabo
546 547 653 594 exordia
665 560 777 609 pugnae.

109 646 134 684 tu
148 645 241 694 vatem,
257 644 293 694 tu,
310 636 377 694 diva,
392 649 477 683 moue.
506 636 590 688 dicam
603 635 709 682 horrida
722 634 799 693 bella,

109 727 194 773 dicam
207 726 275 772 acies
289 731 411 786 actosque
425 723 517 770 animis
531 723 557 770 in
571 723 661 770 lunera
674 737 747 783 reges

109 813 321 876 Tyrrhenamque
341 827 446 860 manum
464 819 597 874 totamque
614 810 661 858 sub
679 826 752 858 arina
765 827 839 859 eoae-

410 909 463 948 tam

109 991 269 1054 Hesperiam.
298 991 381 1037 maior
393 1005 478 1038 reruni
492 989 554 1036 mihi
569 989 684 1036 nascitur
697 989 770 1043 orcle,

57 1084 89 1127 45
110 1079 193 1126 maius
207 1093 271 1140 opus
285 1093 384 1126 moveo.
412 1093 458 1126 rex
471 1094 531 1126 arva
544 1078 652 1126 Latinus
666 1086 691 1125 et
704 1078 778 1125 urbes

109 1169 161 1216 iam
175 1168 261 1215 senior
274 1169 354 1229 longa
366 1167 481 1229 placidas
495 1167 522 1214 in
536 1181 599 1229 paee
612 1167 726 1227 regebat.

108 1258 178 1305 huna
191 1257 280 1303 Fauno
299 1264 323 1304 et
341 1257 454 1318 nympha
467 1256 582 1317 genitum
595 1255 724 1304 Laurente
737 1255 836 1303 Marica

109 1346 265 1408 aecipi1nus3
286 1345 376 1392 Fauno
390 1345 465 1392 Picus
479 1352 560 1407 pater,
576 1345 649 1406 isque
663 1351 794 1407 parentem

109 1442 141 1493 te,
158 1433 277 1493 Saturne,
293 1435 377 1492 refert,
393 1441 420 1481 tu
434 1434 567 1495 sanguinis
581 1433 685 1480 ultimus
699 1440 797 1481 auctor.

57 1529 89 1572 50
109 1524 175 1571 filius
189 1524 249 1571 huio
262 1523 315 1570 fato
329 1523 415 1592 divom
428 1524 566 1585 prolesque
579 1522 658 1569 virilis

108 1614 180 1660 nulla
194 1612 241 1658 fuit
253 1611 388 1674 primaque
401 1612 485 1659 oriens
499 1619 586 1674 erepta
599 1611 735 1658 inventast.

109 1703 165 1749 sola
178 1701 283 1747 domum
297 1706 322 1747 et
334 1707 418 1747 tuntas
432 1700 549 1747 servabat
561 1700 615 1747 filia
627 1699 708 1756 sedes,

108 1790 159 1836 iam
173 1795 274 1835 matura
287 1788 350 1846 viro,
366 1788 419 1835 iam
432 1789 515 1850 plenis
529 1788 623 1835 nubilis
638 1787 720 1834 annis.

108 1878 182 1924 multi
197 1877 268 1923 illam
282 1891 377 1937 magno
391 1891 405 1924 e
418 1877 493 1923 Latio
508 1883 613 1938 totaque
626 1874 748 1938 petebant

57 1971 87 2013 55
108 1965 234 2012 Ausonia.
263 1965 327 2026 petit
340 1972 398 2012 ante
412 1965 476 2012 alios
490 1965 677 2027 pulcherrimus
692 1964 775 2011 omnis

108 2055 225 2111 Turnus,
247 2053 299 2100 avis
319 2054 450 2115 atavisque
469 2060 577 2116 potens3
598 2069 675 2116 quem
692 2053 764 2114 regia
777 2067 837 2101 eon-

409 2143 473 2190 iunx

109 2232 214 2293 adiungi
228 2246 352 2292 generum
366 2232 431 2279 miro
445 2232 599 2294 properabat
613 2247 715 2281 amore:

109 2320 153 2368 sed
167 2321 242 2367 variis
256 2328 375 2383 portenta
388 2321 464 2368 deum
477 2322 615 2369 terroribus
630 2323 741 2370 obstant.

108 2411 195 2458 laurus
209 2417 263 2457 erat
277 2410 336 2457 tecti
350 2410 435 2457 medio
449 2411 475 2456 in
489 2411 663 2472 penetralibus
678 2411 745 2468 altis,

56 2504 88 2547 60
109 2514 182 2546 saera
196 2514 296 2546 comam
309 2498 456 2561 multusque
469 2505 538 2547 metu
551 2509 650 2547 servata
663 2514 708 2561 per
722 2513 812 2556 annos,

109 2603 186 2649 quam
199 2595 272 2650 pater
285 2589 424 2646 inventam,
440 2587 535 2651 primas
550 2603 607 2636 oum
621 2589 742 2635 conderet
755 2602 838 2642 arces„

108 2677 163 2738 ipse
176 2677 306 2724 ferebatur
318 2676 425 2724 Phoebo
442 2691 562 2726 sacrasse
572 2676 691 2724 Latinus

90 2759 207 2811 Vergilius.
661 2757 703 2801 ‘ll
