1816 2956
283 115 309 153 P.
327 113 448 153 VERGILI
468 113 598 153 MARONIS

149 287 177 318 o.
199 269 250 331 Qui
263 271 348 332 legitis
362 271 436 318 flores
451 277 476 318 et
487 270 559 318 humi
572 271 706 319 nascentia
718 271 806 334 fraga,

114 359 232 421 frigidus,
246 360 352 423 opneri‚
366 359 447 421 fugite
458 359 528 417 hinc,
544 341 607 407 latet
614 360 743 421 anguisin
752 361 839 411 herbe

114 465 142 496 rr.
164 449 274 508 Parcite,
296 463 371 508 oves,
391 448 501 496 nimium
518 450 673 511 procedere:
699 463 756 498 non
779 450 841 500 bene

113 544 116 549 ’
414 538 486 600 ripae

63 630 94 674 95
115 626 238 686 creditnr3
252 626 306 689 ipse
320 626 386 674 aries
399 626 476 674 etiam
489 640 559 674 nune
570 627 667 674 vellere
679 626 771 676 siccet.

150 730 177 761 o.
199 715 295 776 Tityre,
311 715 439 776 pascentis
453 715 585 763 eflumine
597 715 665 764 reice
678 717 809 778 eapeilast

116 803 170 866 ipse
183 802 227 850 ubi
240 810 341 865 tempus
355 803 403 853 erit
415 805 499 852 omnis
513 805 540 851 in
553 803 624 852 fonte
636 804 739 852 lavabo.

116 907 144 939 rr.
167 889 259 953 Cogite
272 892 335 950 ovis,
350 892 438 954 pueri:
459 893 480 940 si
494 892 535 940 lac
547 892 707 954 praeceperit
719 900 816 954 aestus,

115 986 145 1028 ut
156 994 247 1043 nuper,
263 980 358 1028 frustra
369 980 542 1043 pressabimus
555 980 636 1028 ubera
647 981 753 1043 palmis.

48 1075 96 1116 100
116 1085 143 1117 o.
165 1068 222 1117 Heu
240 1069 306 1127 heu,
329 1084 407 1131 qnam
424 1069 515 1131 pingui
528 1083 615 1117 macer
627 1076 665 1118 001
677 1069 743 1118 mihi
757 1073 841 1118 100101

415 1158 443 1205 10
456 1157 529 1207 ervo!

116 1247 184 1294 idem
197 1261 270 1294 amor
283 1247 389 1295 exitium
401 1248 488 1309 pecori
501 1246 653 1309 pecorisque
665 1247 803 1308 magistro.

117 1351 145 1382 M.
168 1335 213 1383 His
239 1342 307 1384 certe
332 1350 416 1398 neque
441 1350 514 1383 amor
538 1342 655 1394 causast3
681 1335 724 1382 rix
744 1336 841 1385 ossibus

404 1424 531 1472 *haerent
794 1475 797 1481 ,

116 1513 203 1561 nescio
217 1514 274 1576 quis
287 1520 389 1562 teneros
403 1514 493 1561 oculus
506 1512 569 1560 mihi
582 1511 693 1560 fascinat
705 1526 799 1574 ugnos.

151 1617 178 1649 n.
200 1602 264 1662 Dic,
287 1602 380 1666 quibus
401 1602 427 1649 in
447 1601 520 1649 terris
540 1600 577 1663 (et
594 1601 643 1648 eris
656 1600 720 1649 mihi
733 1615 841 1664 magnus

415 1689 525 1753 Apollo)

49 1784 96 1827 105
117 1779 162 1827 tris
175 1776 263 1842 pateat
275 1780 340 1829 caeli
353 1780 465 1842 spatium
477 1793 530 1826 non
544 1779 654 1840 amplius
666 1777 752 1825 ulnas.

117 1885 145 1915 rr.
166 1869 225 1928 Die,
242 1870 335 1932 quibus
348 1868 376 1915 in
389 1868 462 1916 terris
475 1867 592 1930 inscripti
605 1866 712 1914 nomina
724 1881 817 1929 regum

118 1965 256 2006 nascantur
268 1958 352 2015 flores,
368 1964 393 2006 et
404 1957 526 2019 Phyllide
538 1957 608 2004 solus
622 1955 726 2003 hebeto.

153 2063 176 2094 r.
198 2046 256 2094 Non
264 2046 454 2094 nostruminter
465 2060 509 2093 vos
521 2051 605 2093 tantas
618 2058 765 2106 conponere
776 2046 840 2094 lites.

118 2142 144 2183 01
155 2136 236 2183 vitula
248 2142 275 2182 tu
289 2135 382 2196 dignus
397 2134 484 2182 ethic.
513 2140 538 2181 et
550 2133 666 2194 quisquis
680 2147 782 2181 amores

51 2228 98 2271 110
119 2231 163 2271 001
176 2231 272 2272 metuet
285 2224 367 2272 dulcis
381 2229 426 2270 001
438 2222 582 2284 experietur
596 2235 706 2268 amaros.

119 2313 230 2361 claudite
241 2313 294 2360 inm
306 2313 382 2370 rivos,
398 2311 485 2374 pueri:
506 2317 546 2358 sat
558 2316 631 2372 prata
644 2309 773 2358 biberunt.
