1816 2956
299 203 471 246 GEOBGICON
492 205 579 244 LIBER
595 205 615 244 1.

127 371 240 426 votaque
252 363 345 412 servati
358 362 459 411 solvent
471 361 498 410 in
512 361 588 410 litore
603 368 698 410 nautae

128 451 231 521 Glauco
245 460 270 501 et
282 452 420 514 Panopeae
433 458 458 499 et
470 450 536 499 Inoo
549 450 706 499 Melicertae.

128 543 168 590 sol
182 555 286 608 quoque
299 548 325 589 et
337 539 456 588 exoriens
470 546 495 587 et
508 554 566 587 cum
579 553 606 587 se
618 539 712 588 condet
723 539 750 587 in
761 539 856 598 undas,

127 631 204 692 signa
217 629 302 688 debit;
317 629 399 676 solem
412 627 555 676 certissime
566 627 642 688 signe
654 635 784 686 secuntur,

56 723 107 765 440
128 725 153 765 et
166 730 234 779 quae
247 729 322 763 mane
334 714 412 762 refert
425 722 450 762 et
462 728 528 776 quae
541 715 704 775 surgentibus
718 715 801 762 nstris.

128 804 175 851 ille
187 801 231 850 nbi
245 809 393 850 noscentem
405 801 514 850 maculis
527 801 662 850 variaverit
675 809 760 849 ortum

129 891 249 939 conditus
262 890 289 939 in
301 890 397 938 nubem
409 889 547 952 medioque
560 889 683 951 refugerit
695 889 766 948 orbe,

128 978 241 1041 suspecti
254 978 300 1027 tibi
313 978 365 1026 sint
378 978 487 1038 imbres3
502 993 614 1041 nemque
626 984 719 1040 urguet
732 977 764 1026 eb
778 979 832 1027 ulto

129 1067 317 1130 arboribusque
330 1068 444 1130 setisque
456 1075 532 1115 notus
546 1068 685 1130 pecorique
698 1066 808 1116 sinister.

56 1163 108 1206 445
130 1163 177 1205 eut
188 1155 233 1203 ubi
246 1156 293 1204 sub
307 1156 393 1205 lucem
406 1157 486 1205 dense
498 1156 565 1204 inter
577 1155 668 1203 nubila
680 1170 736 1204 sese

130 1245 223 1294 diversi
237 1252 357 1308 rumpent
369 1245 435 1294 redii
449 1251 493 1292 aut
507 1244 551 1292 ubi
565 1244 665 1307 pallide
677 1250 766 1306 surget

128 1333 237 1383 Tithoni
251 1347 371 1382 croceum
383 1334 503 1397 linquens
516 1333 620 1381 Aurora
633 1333 727 1392 cubile,

130 1423 182 1472 heu
194 1423 262 1470 mele
275 1429 330 1470 tum
342 1422 412 1470 mitis
425 1423 546 1471 defendet
559 1422 695 1484 pampinus
708 1435 787 1480 uves;

129 1520 184 1561 tem
196 1512 279 1560 multe
291 1510 317 1558 in
331 1510 404 1559 tectis
418 1512 546 1574 crepitans
558 1511 619 1559 solit
630 1511 736 1558 horride
747 1510 857 1571 grando.

56 1608 109 1651 450
129 1601 280 1659 boemiam,
296 1614 399 1648 emenso
413 1615 472 1648 cum
484 1600 537 1648 iem
550 1600 651 1649 decedit
664 1598 777 1661 Olympo

129 1689 256 1753 profuerit
268 1689 415 1736 meminisse
428 1690 511 1751 magis
524 1688 598 1753 (nem
611 1702 687 1749 seepe
700 1687 815 1736 videmus

129 1778 211 1842 ipsius
224 1777 251 1825 in
263 1778 336 1825 voltu
348 1777 433 1824 varios
447 1792 531 1827 errere
545 1776 666 1839 colores),

130 1866 264 1916 caeruleus
277 1866 392 1929 pluriam
406 1866 548 1925 denuntiet,
564 1865 654 1928 igneus
668 1879 758 1924 euros;

129 1956 170 2005 sin
184 1954 303 2004 maculae
316 1954 442 2018 incipient
453 1954 531 2002 rutilo
545 1955 704 2003 inmiscerier
715 1953 778 2015 igni,

57 2051 110 2094 455
131 2044 220 2093 omniu
232 2051 286 2092 tum
300 2043 396 2106 puriter
408 2049 484 2092 vento
497 2041 643 2105 nimbisque
654 2043 752 2092 videbis

130 2133 241 2181 fervere:
257 2146 310 2179 non
324 2133 371 2180 ifle
384 2132 522 2195 quisquam
534 2145 575 2179 me
589 2138 664 2179 nocte
677 2146 723 2195 per
736 2132 818 2181 altum

130 2223 168 2270 ire
180 2235 265 2284 neque
278 2221 310 2269 ab
325 2228 392 2269 terre
404 2228 506 2270 moveut
520 2221 664 2269 convellere
678 2221 774 2270 funem.

130 2318 157 2359 et
169 2310 191 2358 si
205 2325 264 2358 cum
276 2310 420 2373 referetque
434 2310 502 2358 diem
515 2310 660 2372 condetque
673 2310 784 2359 relatum

129 2399 231 2448 lucidus
245 2398 315 2446 orbis
330 2399 386 2458 erit,
402 2399 496 2447 frustra
508 2398 636 2448 terrebere
649 2398 743 2445 nimbis

57 2496 109 2540 460
130 2495 156 2537 et
169 2487 240 2535 clero
253 2486 330 2534 silves
343 2501 430 2536 cemes
443 2487 571 2553 aquilone
582 2488 695 2539 moveri.

119 2573 231 2631 denique
243 2573 307 2634 quid
320 2590 414 2639 uesper
425 2594 503 2632 serus
516 2582 610 2647 vehet,
626 2582 707 2634 nube
720 2591 838 2630 serenos

104 2661 195 2702 fem
206 2667 272 2720 ⁸8³²
282 2663 380 2728 nubes,
400 2671 470 2736 quid
487 2677 600 2742 cogitet
611 2676 740 2730 nunnus
755 2673 870 2728 coetera
