1816 2956
255 182 401 221 anacteos
419 182 507 220 meua
523 183 552 220 v.
739 172 799 219 259

27 349 53 392 l0
75 357 133 391 cum
146 355 222 388 saevo
236 355 250 388 e
262 341 370 403 scopulo
384 339 465 386 multa
478 339 520 385 vix
533 345 587 386 erte
600 338 723 397 revolsus,

74 430 174 478 amissis
188 429 264 477 remis
279 437 355 492 etque
369 429 460 476 ordine
474 428 565 475 debilis
579 443 640 485 une,

73 519 182 566 insuam
195 518 250 565 sine
263 518 361 565 honore
374 524 456 565 ratem
469 516 604 578 Sergestus
618 516 718 577 agebat.

75 608 158 671 qualis
172 621 248 669 saepe
262 607 316 655 viae
331 608 471 669 deprensus
484 605 511 651 in
525 620 619 666 aggere
632 620 744 667 serpens,

75 711 152 744 aerea
165 710 243 758 quem
256 696 369 743 oblicum
382 702 438 743 rota
452 694 543 741 transit
555 701 600 740 aut
611 694 696 754 graiis
710 694 761 742 ictu

27 790 53 836 lb
74 785 229 833 seminecem
243 785 319 847 liquit
331 799 394 832 saxo
408 785 573 844 lacerumque
586 783 683 841 viator3

75 874 235 936 nequiquam
248 874 340 934 longos
354 873 455 933 fugiens
470 872 513 919 dat
527 885 634 932 corpore
648 878 738 929 tortus,

75 970 149 1026 parte
162 963 235 1010 ferox
248 963 393 1024 ardensque
407 962 488 1008 oculis
503 968 527 1008 et
540 960 616 1007 sibila
629 960 698 1007 eolla

75 1053 170 1100 arduos
184 1051 313 1108 attollens,
329 1065 388 1112 pars
402 1050 506 1098 volnere
520 1050 613 1097 claude
626 1055 736 1097 retentet

75 1141 209 1189 nixantem
224 1139 297 1186 nodis
311 1153 389 1200 seque
403 1139 428 1184 in
442 1154 490 1185 sua
502 1138 617 1186 membre
631 1138 784 1201 plicantein:

27 1235 55 1278 30
75 1229 121 1278 tali
135 1229 243 1289 remigio
257 1228 328 1274 navis
343 1242 369 1274 se
383 1227 457 1273 tarda
469 1226 603 1285 movebet3

74 1309 132 1367 vela
145 1318 206 1365 facit
218 1325 304 1364 tamen
318 1324 343 1363 et
355 1317 438 1378 plenis
452 1315 521 1362 subit
533 1315 601 1362 ostia
613 1315 683 1362 velis.

76 1406 225 1467 Sergestum
238 1405 340 1453 Aeneas
352 1405 481 1466 promisso
495 1418 600 1451 inuuere
614 1404 702 1461 donet,

76 1502 202 1545 servatam
217 1494 249 1541 ob
264 1508 355 1541 navem
368 1494 449 1540 laetus
463 1493 601 1554 sociosque
615 1493 742 1539 reductos.

76 1584 123 1632 olli
137 1599 209 1632 serva
222 1583 305 1641 datur,
322 1597 427 1644 operum
441 1581 510 1628 harad
524 1581 615 1642 ignara
628 1580 767 1638 Minervae,

27 1680 56 1724 35
77 1673 171 1722 Cressa
183 1687 277 1734 genus,
294 1671 406 1728 Pholoe,
427 1670 575 1731 geminique
588 1669 634 1715 sub
649 1669 727 1716 ubere
740 1669 803 1717 nati.

112 1761 169 1809 Hoc
183 1761 239 1823 pius
251 1762 354 1808 Aeneas
367 1759 445 1806 misso
460 1759 599 1806 certamine
612 1758 694 1805 tendit
770 1799 773 1805 .

77 1851 239 1913 gramineum
259 1849 285 1895 in
306 1863 440 1910 campum,
467 1861 543 1909 quem
562 1846 671 1894 collibus
691 1846 806 1909 undique

379 1937 462 1984 curvis

78 2027 216 2089 cingebant
229 2027 316 2083 silvae,
332 2026 468 2087 mediaque
481 2025 508 2072 in
521 2025 587 2072 valle
600 2025 692 2073 theatri

78 2117 160 2164 circus
173 2123 244 2175 erat;
265 2131 316 2178 quo
330 2131 357 2164 se
370 2115 457 2163 multis
471 2129 529 2162 eum
548 2113 652 2161 milibus
665 2114 740 2162 heros

27 2211 58 2254 90
78 2220 200 2252 consessu
213 2205 327 2252 medium
341 2204 399 2251 tulit
412 2210 580 2264 extructoque
594 2203 696 2251 resedit.

79 2294 128 2352 hie,
145 2295 189 2356 qui
203 2294 268 2340 forte
281 2293 360 2339 velint
373 2291 464 2354 rapido
478 2292 633 2340 contendere
648 2306 732 2350 cursu,

77 2383 168 2430 invitet
180 2382 266 2445 pretiis
281 2381 381 2428 animos
395 2388 420 2428 et
432 2381 547 2443 praemia
562 2381 643 2443 ponit.

79 2472 193 2534 undique
206 2471 362 2519 conveniunt
374 2469 467 2518 Teucri
480 2471 606 2532 mixtique
620 2467 716 2528 Sicani,

77 2559 153 2608 Nisus
168 2567 193 2608 et
204 2560 332 2621 Euryalus
348 2559 433 2622 primi,

27 2655 58 2698 95
78 2650 206 2712 Euryalus
219 2649 303 2697 forme
316 2649 424 2712 insignis
436 2648 565 2712 riiidique
576 2648 697 2704 iuuenta„

598 2722 660 2776 iu*
