1816 2956
267 186 415 226 aunarnos
433 186 521 225 urana
539 186 589 225 vn.
766 177 827 224 329

101 345 150 392 hoo
164 344 260 392 Priami
273 352 405 405 gestamen
420 352 483 402 erat,
499 358 557 391 cum
571 344 628 391 iura
640 343 736 391 vocatis

100 449 171 482 more
185 435 257 482 daret
269 433 381 496 populis,
397 437 577 496 sceptrumque
589 447 713 495 sacerque
726 432 804 480 tiaras

101 524 266 585 Iliadumque
279 522 353 570 labor
365 514 465 571 vestes'

135 611 243 659 Talibus
256 611 349 659 Ilionei
368 611 443 659 dietis
463 610 548 659 defixa
560 609 669 658 Latinus

49 707 80 748 50
100 707 192 763 optutu
205 707 275 748 tenet
288 715 334 748 ora
347 701 455 763 soloque
468 699 599 747 inmobilis
613 699 709 759 haeret,

100 790 213 837 intentos
225 789 329 837 volvens
342 789 441 837 oeulos.
469 804 517 838 neo
529 803 643 851 purpura
655 803 742 850 regem

100 879 170 940 pieta
182 886 267 926 movet
280 892 327 926 neo
340 886 441 940 sceptra
454 884 557 926 movent
570 877 698 925 Priameia
710 884 812 924 tantum

100 973 226 1028 quantum
239 967 265 1013 in
280 967 392 1014 conubio
405 975 481 1014 natae
494 966 661 1028 thalamoque
675 974 798 1013 moratur.

101 1061 126 1101 et
137 1055 229 1102 veteris
242 1055 324 1102 Fauni
337 1056 416 1104 volvit
428 1055 474 1102 suh
488 1063 592 1118 pectore
604 1064 708 1114 sortem,

50 1148 81 1190 55
101 1143 170 1190 huno
182 1143 257 1191 illum
270 1143 329 1191 fatis
343 1151 450 1192 externa
462 1145 494 1192 ah
507 1145 567 1193 sede
580 1144 724 1207 proiectum
738 1181 739 1184 η

102 1232 220 1294 portendi
234 1246 357 1294 generum
370 1233 527 1296 paribusque
540 1234 566 1280 in
580 1247 661 1295 regua
673 1233 760 1281 vocari

102 1321 232 1383 auspiciis,
249 1321 309 1369 huie
322 1323 472 1384 progeniem
485 1323 577 1370 virtute
591 1323 704 1371 futuram

103 1410 233 1471 egregiam
247 1418 272 1458 et
284 1417 367 1459 totum
380 1426 447 1472 quae
460 1410 554 1458 viribus
568 1419 677 1474 occupet
690 1411 786 1460 orbem.

102 1500 206 1547 tandem
219 1501 301 1548 laetus
315 1501 351 1548 ait
360 1489 397 1546 ‘di
411 1507 498 1547 nostra
511 1501 614 1563 incepta
626 1501 768 1549 secundent

50 1592 83 1634 60
103 1589 292 1651 auguriumque
305 1603 388 1636 suum.
417 1589 532 1648 dabitur,
552 1589 679 1648 Troiane,
702 1589 770 1650 quod
786 1602 832 1651 op-

406 1685 453 1725 tas.

102 1780 209 1813 munera
222 1781 269 1814 nec
282 1781 384 1828 sperno.
413 1782 465 1814 non
479 1766 560 1824 vobis,
576 1780 636 1826 rege
649 1766 753 1824 Latino,

103 1855 187 1902 divitis
200 1855 264 1904 uber
277 1855 333 1917 agri
346 1855 472 1903 Troiaeve
485 1855 619 1918 opulentia
632 1856 706 1902 derit.

103 1944 158 2006 ipse
171 1944 249 1991 modo
263 1945 374 2002 Aeneas,
390 1946 469 1992 nostri
483 1945 504 1992 si
518 1952 590 1991 tanta
603 1945 730 2006 oupirlost,

103 2033 123 2079 si
137 2033 210 2094 iungi
224 2033 337 2095 hospitio
351 2041 473 2096 properat
485 2034 621 2096 sociusque
634 2034 729 2091 vocari,

51 2127 83 2170 65
104 2122 232 2180 adveniat,
248 2123 331 2169 voltus
344 2137 406 2170 neve
420 2123 586 2170 exhorrescat
598 2123 704 2170 amicos.

102 2227 162 2273 pars
176 2212 239 2259 mihi
253 2211 323 2274 pacis
336 2212 385 2259 erit
397 2212 512 2260 ‹lextram
527 2212 640 2272 tetigisse
653 2211 764 2274 tyranni.

103 2316 147 2348 vos
162 2309 252 2349 contra
265 2301 319 2362 regi
333 2314 391 2347 mea
404 2315 472 2348 nuno
486 2301 609 2348 mandata
621 2300 720 2348 referte.

103 2396 140 2437 est
153 2390 216 2436 mihi
231 2398 299 2446 nata,
316 2390 370 2436 viro
384 2390 468 2450 gentis
481 2404 560 2452 quam
572 2389 679 2450 iungere
693 2397 795 2437 nostrae

104 2493 156 2525 non
169 2479 253 2541 patrio
268 2493 300 2526 ex
314 2479 391 2539 adyto
406 2486 497 2536 sortes,
513 2493 565 2526 non
578 2479 691 2541 plurima
705 2479 777 2526 eaelo

52 2572 84 2616 70
104 2573 219 2614 monstra
238 2567 340 2626 sinunt3
360 2581 470 2627 generos
484 2569 595 2616 externis
615 2568 704 2615 adfore
722 2567 754 2614 ab
768 2567 828 2626 oris,

104 2655 154 2702 hoe
167 2654 243 2701 Latio
257 2663 352 2704 restare
366 2664 470 2715 canunt,
487 2657 532 2719 qui
546 2657 679 2718 sanguine
688 2663 818 2700 austrum
