1816 2956
62 165 122 214 284
300 177 325 216 P.
348 177 468 216 venerat
483 176 614 217 annonis

129 332 221 381 Delius
234 332 343 395 inspirat
354 340 424 381 vates
438 334 570 396 aperitque
583 334 678 382 futura.

130 421 183 469 iam
195 422 306 470 subeunt
318 421 420 470 Triviae
434 423 506 471 lucos
520 431 596 485 atque
610 437 688 471 aurea
700 429 776 470 tectu.

165 509 308 570 Daedalus,
323 518 352 558 ut
364 511 433 559 lama
446 518 491 570 est,
507 512 607 573 fugiens
620 511 719 558 Minoia
732 526 821 572 regna,

81 601 111 644 15
132 599 294 661 praepetibus
308 600 393 662 pinnis
408 615 484 648 ausus
497 615 524 648 se
537 601 640 648 credere
653 600 734 659 caelo,

131 687 260 735 insuetum
273 703 318 751 per
331 688 378 737 iter
391 689 491 750 gelidas
505 690 589 736 enavit
602 690 633 736 ad
648 696 732 736 arctos
814 677 816 680 ’

132 774 334 838 Chalcidicaque
347 778 408 825 levis
422 779 526 825 tandem
539 793 615 840 super
628 777 726 826 adstitit
739 792 806 825 arce.

132 866 245 913 redditus
258 865 298 912 his
312 866 423 929 primum
436 866 507 914 terris
521 866 576 925 tibi,
592 867 706 925 Phoebe,
722 867 832 914 sacravit

132 954 267 1016 remigium
280 955 381 1003 alarum
393 956 530 1018 posuitque
544 956 660 1002 inmania
673 956 779 1017 templa.

80 1047 113 1090 20
132 1043 159 1089 in
177 1043 275 1091 foribus
292 1043 372 1091 letum
385 1046 543 1106 Androge03
564 1052 617 1092 tum
635 1045 746 1106 pendere
764 1059 861 1107 poenas

134 1129 293 1194 Cecropidae
306 1133 368 1180 iussi
383 1133 527 1196 (miserum)
542 1142 648 1195 septena
661 1139 724 1195 quot
737 1132 811 1180 annis

134 1235 243 1284 corpora
256 1228 392 1282 natorum,
413 1230 463 1270 stat
476 1223 558 1270 ductis
572 1222 682 1269 sortibus
696 1236 770 1269 urna.

134 1316 224 1357 contra
236 1311 304 1358 elata
316 1311 381 1358 mari
394 1312 532 1374 respondet
546 1309 644 1359 Gnosia
657 1310 748 1358 tellus:

133 1397 175 1446 hic
189 1399 298 1447 crudelis
313 1415 385 1447 amor
398 1400 464 1447 tauri
478 1407 652 1463 suppostaque
665 1399 732 1446 furto

81 1491 112 1533 25
133 1486 260 1549 Pasiphae
274 1489 434 1551 mixtumque
447 1504 528 1550 genus
542 1490 679 1551 prolesque
693 1487 809 1534 biformis

133 1576 295 1624 Minotaurus
308 1577 382 1636 inest,
398 1577 506 1626 Veneris
520 1584 687 1625 monumenta
700 1576 844 1634 nefandae3

134 1663 176 1712 hic
190 1665 264 1713 labor
276 1666 321 1714 ille
335 1667 425 1714 domus
439 1675 464 1714 et
475 1666 661 1714 inextricabilis
676 1679 761 1723 error3

134 1768 258 1814 magnum
271 1755 375 1816 reginae
389 1757 433 1803 sod
447 1756 515 1803 enim
529 1757 662 1803 miseratus
677 1768 792 1801 amorem

133 1842 266 1892 Daedalus
280 1844 334 1906 ipse
348 1845 421 1891 dolos
436 1845 493 1892 tecti
508 1845 681 1905 anibagosque
694 1842 806 1899 resolvit,

82 1936 115 1978 30
136 1947 212 1980 caeca
225 1947 316 1993 regens
330 1933 373 1980 filo
388 1933 502 1994 vestigia.
531 1941 557 1980 tu
572 1947 675 1994 quoquc
688 1945 810 1990 magnam

135 2029 234 2083 partem
248 2036 324 2084 opere
337 2022 364 2069 in
377 2029 464 2080 tanto,
486 2022 580 2069 sineret
599 2022 688 2078 dolor,
710 2019 797 2077 Icaro,
819 2018 863 2066 ha·

436 2111 517 2158 beros.

135 2198 174 2246 bis
189 2206 296 2247 conatus
310 2207 365 2249 crat
378 2215 450 2247 casus
464 2200 585 2259 effingere
598 2198 624 2245 in
638 2213 710 2254 auro,

136 2288 174 2336 bis
188 2289 286 2351 patriae
300 2289 415 2337 cecidere
428 2303 528 2335 manus.
562 2288 623 2349 quin
642 2287 758 2349 protinus
778 2285 863 2332 omnia

136 2378 297 2440 perlegerent
310 2378 401 2436 oculis,
417 2377 442 2424 ni
456 2377 508 2424 iam
521 2376 676 2438 praemissus
690 2374 802 2422 Achates

84 2471 117 2514 35
138 2466 238 2514 adforet
251 2475 327 2529 atque
341 2482 393 2513 una
405 2465 504 2513 Phoebi
518 2465 672 2526 Triviaeque
685 2464 816 2522 sacerdos,

135 2555 272 2619 Deiphobe
286 2554 387 2615 Glauci,
404 2555 471 2602 fatur
484 2569 550 2616 quae
564 2554 626 2600 talia
639 2553 702 2613 regi.

130 2635 190 2694 ‘non
204 2645 257 2695 hoc
269 2645 321 2695 ista
334 2644 383 2695 sibi
397 2651 498 2709 tempus
511 2643 658 2707 spectacula
671 2640 768 2703 poscit:
