<?xml version="1.0" encoding="UTF-8"?>
<!DOCTYPE html PUBLIC "-//W3C//DTD XHTML 1.0 Transitional//EN"
    "http://www.w3.org/TR/xhtml1/DTD/xhtml1-transitional.dtd">
<html xmlns="http://www.w3.org/1999/xhtml" xml:lang="en" lang="en">
 <head>
  <title>
</title>
<meta http-equiv="Content-Type" content="text/html;charset=utf-8" />
  <meta name='ocr-system' content='tesseract 3.04.00' />
  <meta name='ocr-capabilities' content='ocr_page ocr_carea ocr_par ocr_line ocrx_word'/>
</head>
<body>
  <div class='ocr_page' id='page_1' title='image "./pvergiliusmaro01virggoog/pvergiliusmaro01virggoog_0051.png"; bbox 0 0 1816 2956; ppageno 0'>
   <div class='ocr_carea' id='block_1_1' title="bbox 75 185 627 235">
    <p class='ocr_par' dir='ltr' id='par_1_1' title="bbox 75 185 627 235">
     <span class='ocr_line' id='line_1_1' title="bbox 75 185 627 235; baseline 0.007 -5"><span class='ocrx_word' id='word_1_1' title='bbox 75 185 111 231; x_wconf 66' lang='grc' dir='ltr'>Η</span> <span class='ocrx_word' id='word_1_2' title='bbox 312 195 338 235; x_wconf 83' lang='grc' dir='ltr'>Ρ.</span> <span class='ocrx_word' id='word_1_3' title='bbox 355 193 476 234; x_wconf 76' lang='lat' dir='ltr'>vanem</span> <span class='ocrx_word' id='word_1_4' title='bbox 496 193 627 235; x_wconf 75' lang='lat' dir='ltr'>Mauorus</span> 
     </span>
    </p>
   </div>
   <div class='ocr_carea' id='block_1_2' title="bbox 73 350 875 2634">
    <p class='ocr_par' dir='ltr' id='par_1_2' title="bbox 92 350 870 592">
     <span class='ocr_line' id='line_1_2' title="bbox 92 350 870 418; baseline 0.004 -19"><span class='ocrx_word' id='word_1_5' title='bbox 92 359 124 400; x_wconf 82' lang='lat'>40</span> <span class='ocrx_word' id='word_1_6' title='bbox 144 354 178 401; x_wconf 92' lang='lat' dir='ltr'>da</span> <span class='ocrx_word' id='word_1_7' title='bbox 190 352 292 401; x_wconf 78' lang='lat' dir='ltr'><strong>facilem</strong></span> <span class='ocrx_word' id='word_1_8' title='bbox 306 367 408 400; x_wconf 89' lang='lat' dir='ltr'>cursum</span> <span class='ocrx_word' id='word_1_9' title='bbox 421 359 498 414; x_wconf 90' lang='lat' dir='ltr'>atque</span> <span class='ocrx_word' id='word_1_10' title='bbox 511 350 660 406; x_wconf 62' lang='lat' dir='ltr'>audacibus,</span> <span class='ocrx_word' id='word_1_11' title='bbox 671 351 758 402; x_wconf 89' lang='lat' dir='ltr'>adnue</span> <span class='ocrx_word' id='word_1_12' title='bbox 776 354 870 418; x_wconf 87' lang='lat' dir='ltr'>coeptis</span> 
     </span>
     <span class='ocr_line' id='line_1_3' title="bbox 144 439 754 505; baseline -0.002 -15"><span class='ocrx_word' id='word_1_13' title='bbox 144 442 301 505; x_wconf 83' lang='lat' dir='ltr'>ignarosque</span> <span class='ocrx_word' id='word_1_14' title='bbox 313 442 369 489; x_wconf 89' lang='lat' dir='ltr'>viae</span> <span class='ocrx_word' id='word_1_15' title='bbox 382 455 484 489; x_wconf 88' lang='lat' dir='ltr'>meeum</span> <span class='ocrx_word' id='word_1_16' title='bbox 496 439 630 489; x_wconf 86' lang='lat' dir='ltr'>miseratus</span> <span class='ocrx_word' id='word_1_17' title='bbox 644 441 754 502; x_wconf 86' lang='lat' dir='ltr'>agrestis</span> 
     </span>
     <span class='ocr_line' id='line_1_4' title="bbox 144 529 789 592; baseline 0.002 -15"><span class='ocrx_word' id='word_1_18' title='bbox 144 530 278 592; x_wconf 84' lang='lat' dir='ltr'>ingredere</span> <span class='ocrx_word' id='word_1_19' title='bbox 291 535 316 578; x_wconf 91' lang='lat' dir='ltr'>et</span> <span class='ocrx_word' id='word_1_20' title='bbox 328 529 392 577; x_wconf 88' lang='lat' dir='ltr'>votis</span> <span class='ocrx_word' id='word_1_21' title='bbox 405 529 459 577; x_wconf 91' lang='lat' dir='ltr'>iam</span> <span class='ocrx_word' id='word_1_22' title='bbox 471 543 540 576; x_wconf 87' lang='lat' dir='ltr'>nnnc</span> <span class='ocrx_word' id='word_1_23' title='bbox 553 529 676 578; x_wconf 82' lang='lat' dir='ltr'>adsuesce</span> <span class='ocrx_word' id='word_1_24' title='bbox 689 530 789 578; x_wconf 87' lang='lat' dir='ltr'>vocari.</span> 
     </span>
    </p>

    <p class='ocr_par' dir='ltr' id='par_1_3' title="bbox 143 617 841 770">
     <span class='ocr_line' id='line_1_5' title="bbox 178 617 841 684; baseline 0.002 -17"><span class='ocrx_word' id='word_1_25' title='bbox 178 619 245 684; x_wconf 85' lang='lat' dir='ltr'>Vere</span> <span class='ocrx_word' id='word_1_26' title='bbox 259 632 335 676; x_wconf 90' lang='lat' dir='ltr'>novo,</span> <span class='ocrx_word' id='word_1_27' title='bbox 350 617 450 680; x_wconf 85' lang='lat' dir='ltr'>gelidus</span> <span class='ocrx_word' id='word_1_28' title='bbox 464 617 535 665; x_wconf 90' lang='lat' dir='ltr'>canis</span> <span class='ocrx_word' id='word_1_29' title='bbox 549 632 608 665; x_wconf 93' lang='lat' dir='ltr'>eum</span> <span class='ocrx_word' id='word_1_30' title='bbox 620 617 753 666; x_wconf 86' lang='lat' dir='ltr'>montibus</span> <span class='ocrx_word' id='word_1_31' title='bbox 766 634 841 668; x_wconf 86' lang='lat' dir='ltr'>umor</span> 
     </span>
     <span class='ocr_line' id='line_1_6' title="bbox 143 705 790 770; baseline 0.002 -15"><span class='ocrx_word' id='word_1_32' title='bbox 143 707 252 770; x_wconf 89' lang='lat' dir='ltr'>liquitur</span> <span class='ocrx_word' id='word_1_33' title='bbox 264 714 289 755; x_wconf 94' lang='lat' dir='ltr'>et</span> <span class='ocrx_word' id='word_1_34' title='bbox 301 707 420 769; x_wconf 83' lang='lat' dir='ltr'>Zephyro</span> <span class='ocrx_word' id='word_1_35' title='bbox 433 706 513 768; x_wconf 87' lang='lat' dir='ltr'>putris</span> <span class='ocrx_word' id='word_1_36' title='bbox 527 720 554 754; x_wconf 90' lang='lat' dir='ltr'>se</span> <span class='ocrx_word' id='word_1_37' title='bbox 566 705 661 766; x_wconf 88' lang='lat' dir='ltr'>glaeba</span> <span class='ocrx_word' id='word_1_38' title='bbox 673 708 790 767; x_wconf 87' lang='lat' dir='ltr'>resolvit,</span> 
     </span>
    </p>

    <p class='ocr_par' dir='ltr' id='par_1_4' title="bbox 92 794 834 1213">
     <span class='ocr_line' id='line_1_7' title="bbox 92 794 800 859; baseline 0.003 -15"><span class='ocrx_word' id='word_1_39' title='bbox 92 802 124 844; x_wconf 74' lang='lat'>45</span> <span class='ocrx_word' id='word_1_40' title='bbox 145 798 265 859; x_wconf 87' lang='lat' dir='ltr'>depresso</span> <span class='ocrx_word' id='word_1_41' title='bbox 279 795 386 858; x_wconf 90' lang='lat' dir='ltr'>incipiat</span> <span class='ocrx_word' id='word_1_42' title='bbox 398 795 451 843; x_wconf 88' lang='lat' dir='ltr'>iam</span> <span class='ocrx_word' id='word_1_43' title='bbox 463 801 518 842; x_wconf 89' lang='lat' dir='ltr'>tum</span> <span class='ocrx_word' id='word_1_44' title='bbox 531 794 594 842; x_wconf 90' lang='lat' dir='ltr'>mihi</span> <span class='ocrx_word' id='word_1_45' title='bbox 607 801 696 843; x_wconf 74' lang='lat' dir='ltr'>taurim</span> <span class='ocrx_word' id='word_1_46' title='bbox 711 802 800 846; x_wconf 86' lang='lat' dir='ltr'>aratro</span> 
     </span>
     <span class='ocr_line' id='line_1_8' title="bbox 143 883 814 947; baseline 0 -14"><span class='ocrx_word' id='word_1_47' title='bbox 143 887 273 947; x_wconf 79' lang='lat' dir='ltr'>ingemere</span> <span class='ocrx_word' id='word_1_48' title='bbox 286 890 312 932; x_wconf 88' lang='lat' dir='ltr'>et</span> <span class='ocrx_word' id='word_1_49' title='bbox 324 885 396 932; x_wconf 90' lang='lat' dir='ltr'>sulco</span> <span class='ocrx_word' id='word_1_50' title='bbox 410 883 510 931; x_wconf 90' lang='lat' dir='ltr'>attritus</span> <span class='ocrx_word' id='word_1_51' title='bbox 524 883 702 946; x_wconf 81' lang='lat' dir='ltr'>splendescere</span> <span class='ocrx_word' id='word_1_52' title='bbox 716 899 814 935; x_wconf 87' lang='lat' dir='ltr'>vomer.</span> 
     </span>
     <span class='ocr_line' id='line_1_9' title="bbox 144 972 703 1036; baseline 0 -14"><span class='ocrx_word' id='word_1_53' title='bbox 144 975 192 1022; x_wconf 93' lang='lat' dir='ltr'>illa</span> <span class='ocrx_word' id='word_1_54' title='bbox 203 989 275 1036; x_wconf 87' lang='lat' dir='ltr'>seges</span> <span class='ocrx_word' id='word_1_55' title='bbox 289 974 392 1021; x_wconf 89' lang='lat' dir='ltr'>demum</span> <span class='ocrx_word' id='word_1_56' title='bbox 404 973 469 1020; x_wconf 87' lang='lat' dir='ltr'>votis</span> <span class='ocrx_word' id='word_1_57' title='bbox 482 972 621 1036; x_wconf 84' lang='lat' dir='ltr'>respondet</span> <span class='ocrx_word' id='word_1_58' title='bbox 633 974 703 1022; x_wconf 88' lang='lat' dir='ltr'>avari</span> 
     </span>
     <span class='ocr_line' id='line_1_10' title="bbox 144 1061 834 1126; baseline -0.001 -14"><span class='ocrx_word' id='word_1_59' title='bbox 144 1064 283 1126; x_wconf 79' lang='lat' dir='ltr'>agricolae,</span> <span class='ocrx_word' id='word_1_60' title='bbox 299 1062 337 1110; x_wconf 92' lang='lat' dir='ltr'>bis</span> <span class='ocrx_word' id='word_1_61' title='bbox 351 1077 418 1125; x_wconf 90' lang='lat' dir='ltr'>quae</span> <span class='ocrx_word' id='word_1_62' title='bbox 430 1063 521 1121; x_wconf 86' lang='lat' dir='ltr'>solem,</span> <span class='ocrx_word' id='word_1_63' title='bbox 536 1061 575 1109; x_wconf 91' lang='lat' dir='ltr'>bis</span> <span class='ocrx_word' id='word_1_64' title='bbox 588 1061 686 1124; x_wconf 83' lang='lat' dir='ltr'>frigore</span> <span class='ocrx_word' id='word_1_65' title='bbox 698 1063 798 1123; x_wconf 78' lang='lat' dir='ltr'>aensit3</span> <span class='ocrx_word' id='word_1_66' title='bbox 831 1091 834 1096; x_wconf 93' lang='lat'><em>-</em></span> 
     </span>
     <span class='ocr_line' id='line_1_11' title="bbox 145 1150 722 1213; baseline -0.005 -12"><span class='ocrx_word' id='word_1_67' title='bbox 145 1153 214 1202; x_wconf 92' lang='lat' dir='ltr'>illius</span> <span class='ocrx_word' id='word_1_68' title='bbox 228 1152 361 1201; x_wconf 79' lang='lat' dir='ltr'>inmensae</span> <span class='ocrx_word' id='word_1_69' title='bbox 374 1158 498 1213; x_wconf 86' lang='lat' dir='ltr'>ruperunt</span> <span class='ocrx_word' id='word_1_70' title='bbox 510 1150 604 1199; x_wconf 90' lang='lat' dir='ltr'>horrea</span> <span class='ocrx_word' id='word_1_71' title='bbox 616 1164 722 1200; x_wconf 87' lang='lat' dir='ltr'>messes.</span> 
     </span>
    </p>

    <p class='ocr_par' dir='ltr' id='par_1_5' title="bbox 93 1239 834 1305">
     <span class='ocr_line' id='line_1_12' title="bbox 93 1239 834 1305; baseline -0.004 -15"><span class='ocrx_word' id='word_1_72' title='bbox 93 1248 125 1290; x_wconf 85' lang='lat'>50</span> <span class='ocrx_word' id='word_1_73' title='bbox 145 1248 171 1290; x_wconf 95' lang='lat' dir='ltr'>at</span> <span class='ocrx_word' id='word_1_74' title='bbox 182 1242 253 1305; x_wconf 86' lang='lat' dir='ltr'>priua</span> <span class='ocrx_word' id='word_1_75' title='bbox 266 1242 385 1303; x_wconf 85' lang='lat' dir='ltr'>ignotum</span> <span class='ocrx_word' id='word_1_76' title='bbox 398 1240 464 1288; x_wconf 84' lang='lat' dir='ltr'>ferre</span> <span class='ocrx_word' id='word_1_77' title='bbox 478 1255 556 1302; x_wconf 91' lang='lat' dir='ltr'>quam</span> <span class='ocrx_word' id='word_1_78' title='bbox 569 1239 711 1288; x_wconf 89' lang='lat' dir='ltr'>scindimus</span> <span class='ocrx_word' id='word_1_79' title='bbox 724 1253 834 1303; x_wconf 85' lang='lat' dir='ltr'>aequor,</span> 
     </span>
    </p>

    <p class='ocr_par' dir='ltr' id='par_1_6' title="bbox 84 1329 869 1660">
     <span class='ocr_line' id='line_1_13' title="bbox 84 1329 750 1392; baseline -0.005 -13"><span class='ocrx_word' id='word_1_80' title='bbox 84 1374 86 1379; x_wconf 93' lang='lat'>.</span> <span class='ocrx_word' id='word_1_81' title='bbox 144 1336 234 1379; x_wconf 88' lang='lat' dir='ltr'>ventos</span> <span class='ocrx_word' id='word_1_82' title='bbox 247 1337 273 1378; x_wconf 88' lang='lat' dir='ltr'>et</span> <span class='ocrx_word' id='word_1_83' title='bbox 284 1329 384 1378; x_wconf 88' lang='lat' dir='ltr'>varium</span> <span class='ocrx_word' id='word_1_84' title='bbox 397 1329 461 1377; x_wconf 89' lang='lat' dir='ltr'>caeli</span> <span class='ocrx_word' id='word_1_85' title='bbox 475 1329 636 1392; x_wconf 86' lang='lat' dir='ltr'>praediscere</span> <span class='ocrx_word' id='word_1_86' title='bbox 649 1341 750 1376; x_wconf 90' lang='lat' dir='ltr'>morem</span> 
     </span>
     <span class='ocr_line' id='line_1_14' title="bbox 145 1416 856 1482; baseline -0.003 -15"><span class='ocrx_word' id='word_1_87' title='bbox 145 1434 208 1468; x_wconf 89' lang='lat' dir='ltr'>cura</span> <span class='ocrx_word' id='word_1_88' title='bbox 220 1420 254 1467; x_wconf 88' lang='lat' dir='ltr'>sit</span> <span class='ocrx_word' id='word_1_89' title='bbox 266 1434 297 1467; x_wconf 90' lang='lat' dir='ltr'>ae</span> <span class='ocrx_word' id='word_1_90' title='bbox 309 1418 406 1482; x_wconf 89' lang='lat' dir='ltr'>patrios</span> <span class='ocrx_word' id='word_1_91' title='bbox 420 1419 555 1480; x_wconf 88' lang='lat' dir='ltr'>cultusque</span> <span class='ocrx_word' id='word_1_92' title='bbox 569 1417 724 1480; x_wconf 85' lang='lat' dir='ltr'>habitusque</span> <span class='ocrx_word' id='word_1_93' title='bbox 736 1416 856 1466; x_wconf 87' lang='lat' dir='ltr'>locorum</span> 
     </span>
     <span class='ocr_line' id='line_1_15' title="bbox 145 1506 869 1572; baseline -0.008 -15"><span class='ocrx_word' id='word_1_94' title='bbox 145 1515 170 1557; x_wconf 90' lang='lat' dir='ltr'>ct</span> <span class='ocrx_word' id='word_1_95' title='bbox 178 1508 239 1572; x_wconf 91' lang='lat' dir='ltr'>quid</span> <span class='ocrx_word' id='word_1_96' title='bbox 248 1522 365 1571; x_wconf 89' lang='lat' dir='ltr'>quaeque</span> <span class='ocrx_word' id='word_1_97' title='bbox 373 1506 515 1568; x_wconf 83' lang='lat' dir='ltr'>feratregio</span> <span class='ocrx_word' id='word_1_98' title='bbox 524 1506 617 1569; x_wconf 87' lang='lat' dir='ltr'>etquid</span> <span class='ocrx_word' id='word_1_99' title='bbox 631 1519 751 1568; x_wconf 89' lang='lat' dir='ltr'>quaeque</span> <span class='ocrx_word' id='word_1_100' title='bbox 762 1511 869 1555; x_wconf 87' lang='lat' dir='ltr'>recuset.</span> 
     </span>
     <span class='ocr_line' id='line_1_16' title="bbox 145 1595 694 1660; baseline -0.007 -13"><span class='ocrx_word' id='word_1_101' title='bbox 145 1598 188 1646; x_wconf 91' lang='lat' dir='ltr'>hic</span> <span class='ocrx_word' id='word_1_102' title='bbox 201 1604 308 1660; x_wconf 86' lang='lat' dir='ltr'>segetes,</span> <span class='ocrx_word' id='word_1_103' title='bbox 323 1596 377 1645; x_wconf 92' lang='lat' dir='ltr'>illic</span> <span class='ocrx_word' id='word_1_104' title='bbox 390 1595 496 1644; x_wconf 87' lang='lat' dir='ltr'>veniunt</span> <span class='ocrx_word' id='word_1_105' title='bbox 508 1595 608 1643; x_wconf 88' lang='lat' dir='ltr'>felicius</span> <span class='ocrx_word' id='word_1_106' title='bbox 621 1608 694 1653; x_wconf 82' lang='lat' dir='ltr'>uvae,</span> 
     </span>
    </p>

    <p class='ocr_par' dir='ltr' id='par_1_7' title="bbox 94 1682 871 2101">
     <span class='ocr_line' id='line_1_17' title="bbox 94 1682 757 1746; baseline -0.008 -11"><span class='ocrx_word' id='word_1_107' title='bbox 94 1693 125 1736; x_wconf 88' lang='lat'>55</span> <span class='ocrx_word' id='word_1_108' title='bbox 146 1687 247 1736; x_wconf 90' lang='lat' dir='ltr'>arborei</span> <span class='ocrx_word' id='word_1_109' title='bbox 260 1687 325 1735; x_wconf 87' lang='lat' dir='ltr'>fetus</span> <span class='ocrx_word' id='word_1_110' title='bbox 339 1684 410 1743; x_wconf 90' lang='lat' dir='ltr'>alibi,</span> <span class='ocrx_word' id='word_1_111' title='bbox 427 1693 504 1746; x_wconf 87' lang='lat' dir='ltr'>etque</span> <span class='ocrx_word' id='word_1_112' title='bbox 516 1684 614 1732; x_wconf 89' lang='lat' dir='ltr'>iniussa</span> <span class='ocrx_word' id='word_1_113' title='bbox 626 1682 757 1731; x_wconf 87' lang='lat' dir='ltr'>virescunt</span> 
     </span>
     <span class='ocr_line' id='line_1_18' title="bbox 145 1770 871 1838; baseline -0.007 -13"><span class='ocrx_word' id='word_1_114' title='bbox 145 1776 271 1838; x_wconf 84' lang='lat' dir='ltr'>gramina.</span> <span class='ocrx_word' id='word_1_115' title='bbox 306 1789 392 1822; x_wconf 93' lang='lat' dir='ltr'>nonne</span> <span class='ocrx_word' id='word_1_116' title='bbox 405 1773 475 1821; x_wconf 92' lang='lat' dir='ltr'>vides</span> <span class='ocrx_word' id='word_1_117' title='bbox 489 1786 592 1820; x_wconf 89' lang='lat' dir='ltr'>croceos</span> <span class='ocrx_word' id='word_1_118' title='bbox 604 1777 634 1818; x_wconf 88' lang='lat' dir='ltr'>ut</span> <span class='ocrx_word' id='word_1_119' title='bbox 647 1770 757 1820; x_wconf 86' lang='lat' dir='ltr'>Tmolus</span> <span class='ocrx_word' id='word_1_120' title='bbox 771 1772 871 1828; x_wconf 86' lang='lat' dir='ltr'>odores,</span> 
     </span>
     <span class='ocr_line' id='line_1_19' title="bbox 145 1857 748 1921; baseline -0.012 -7"><span class='ocrx_word' id='word_1_121' title='bbox 145 1865 221 1914; x_wconf 85' lang='lat' dir='ltr'>India</span> <span class='ocrx_word' id='word_1_122' title='bbox 233 1865 311 1912; x_wconf 85' lang='lat' dir='ltr'>mittit</span> <span class='ocrx_word' id='word_1_123' title='bbox 323 1863 394 1921; x_wconf 89' lang='lat' dir='ltr'>ebur,</span> <span class='ocrx_word' id='word_1_124' title='bbox 409 1862 500 1910; x_wconf 87' lang='lat' dir='ltr'>molles</span> <span class='ocrx_word' id='word_1_125' title='bbox 514 1876 561 1908; x_wconf 88' lang='lat' dir='ltr'>sua</span> <span class='ocrx_word' id='word_1_126' title='bbox 573 1868 631 1908; x_wconf 91' lang='lat' dir='ltr'>ture</span> <span class='ocrx_word' id='word_1_127' title='bbox 644 1857 748 1919; x_wconf 86' lang='lat' dir='ltr'>Sabaei,</span> 
     </span>
     <span class='ocr_line' id='line_1_20' title="bbox 146 1948 773 2014; baseline -0.011 -12"><span class='ocrx_word' id='word_1_128' title='bbox 146 1960 173 2002; x_wconf 85' lang='lat' dir='ltr'>at</span> <span class='ocrx_word' id='word_1_129' title='bbox 186 1952 314 2014; x_wconf 85' lang='lat' dir='ltr'>Chalybes</span> <span class='ocrx_word' id='word_1_130' title='bbox 328 1951 390 1999; x_wconf 91' lang='lat' dir='ltr'>nudi</span> <span class='ocrx_word' id='word_1_131' title='bbox 404 1951 508 2009; x_wconf 88' lang='lat' dir='ltr'>ferrum,</span> <span class='ocrx_word' id='word_1_132' title='bbox 524 1950 660 2011; x_wconf 88' lang='lat' dir='ltr'>virosaque</span> <span class='ocrx_word' id='word_1_133' title='bbox 673 1948 773 1996; x_wconf 80' lang='lat' dir='ltr'>Pontus</span> 
     </span>
     <span class='ocr_line' id='line_1_21' title="bbox 145 2036 783 2101; baseline -0.013 -10"><span class='ocrx_word' id='word_1_134' title='bbox 145 2048 271 2099; x_wconf 88' lang='lat' dir='ltr'>castorea,</span> <span class='ocrx_word' id='word_1_135' title='bbox 285 2040 408 2088; x_wconf 84' lang='lat' dir='ltr'>Eliadum</span> <span class='ocrx_word' id='word_1_136' title='bbox 420 2039 521 2101; x_wconf 88' lang='lat' dir='ltr'>palmas</span> <span class='ocrx_word' id='word_1_137' title='bbox 534 2036 626 2098; x_wconf 86' lang='lat' dir='ltr'>Epiros</span> <span class='ocrx_word' id='word_1_138' title='bbox 640 2037 783 2097; x_wconf 77' lang='lat' dir='ltr'>equarum?</span> 
     </span>
    </p>

    <p class='ocr_par' dir='ltr' id='par_1_8' title="bbox 94 2123 875 2548">
     <span class='ocr_line' id='line_1_22' title="bbox 94 2123 790 2188; baseline -0.01 -8"><span class='ocrx_word' id='word_1_139' title='bbox 94 2137 126 2180; x_wconf 87' lang='grc'>60</span> <span class='ocrx_word' id='word_1_140' title='bbox 147 2130 269 2180; x_wconf 89' lang='lat' dir='ltr'>continuo</span> <span class='ocrx_word' id='word_1_141' title='bbox 283 2128 330 2176; x_wconf 87' lang='lat' dir='ltr'>has</span> <span class='ocrx_word' id='word_1_142' title='bbox 343 2129 412 2188; x_wconf 86' lang='lat' dir='ltr'>leges</span> <span class='ocrx_word' id='word_1_143' title='bbox 427 2133 581 2187; x_wconf 88' lang='lat' dir='ltr'>aeternaque</span> <span class='ocrx_word' id='word_1_144' title='bbox 595 2124 700 2172; x_wconf 87' lang='lat' dir='ltr'>foedera</span> <span class='ocrx_word' id='word_1_145' title='bbox 712 2123 790 2173; x_wconf 84' lang='lat' dir='ltr'>certis</span> 
     </span>
     <span class='ocr_line' id='line_1_23' title="bbox 145 2212 771 2282; baseline -0.014 -15"><span class='ocrx_word' id='word_1_146' title='bbox 145 2218 260 2282; x_wconf 88' lang='lat' dir='ltr'>inposuit</span> <span class='ocrx_word' id='word_1_147' title='bbox 272 2223 365 2264; x_wconf 87' lang='lat' dir='ltr'>natura</span> <span class='ocrx_word' id='word_1_148' title='bbox 377 2216 449 2273; x_wconf 89' lang='lat' dir='ltr'>locis,</span> <span class='ocrx_word' id='word_1_149' title='bbox 466 2228 517 2277; x_wconf 91' lang='lat' dir='ltr'>quo</span> <span class='ocrx_word' id='word_1_150' title='bbox 531 2220 646 2275; x_wconf 89' lang='lat' dir='ltr'>tempore</span> <span class='ocrx_word' id='word_1_151' title='bbox 658 2212 771 2276; x_wconf 90' lang='lat' dir='ltr'>primum</span> 
     </span>
     <span class='ocr_line' id='line_1_24' title="bbox 145 2300 798 2366; baseline -0.012 -10"><span class='ocrx_word' id='word_1_152' title='bbox 145 2306 292 2356; x_wconf 90' lang='lat' dir='ltr'>Deucalion</span> <span class='ocrx_word' id='word_1_153' title='bbox 305 2320 413 2353; x_wconf 89' lang='lat' dir='ltr'>vacuum</span> <span class='ocrx_word' id='word_1_154' title='bbox 427 2303 526 2366; x_wconf 91' lang='lat' dir='ltr'>lapides</span> <span class='ocrx_word' id='word_1_155' title='bbox 539 2301 644 2349; x_wconf 91' lang='lat' dir='ltr'>iactavit</span> <span class='ocrx_word' id='word_1_156' title='bbox 656 2301 683 2347; x_wconf 90' lang='lat' dir='ltr'>in</span> <span class='ocrx_word' id='word_1_157' title='bbox 696 2300 798 2360; x_wconf 89' lang='lat' dir='ltr'>orbem,</span> 
     </span>
     <span class='ocr_line' id='line_1_25' title="bbox 146 2393 875 2452; baseline -0.007 -8"><span class='ocrx_word' id='word_1_158' title='bbox 146 2393 410 2452; x_wconf 88' lang='lat' dir='ltr'>undehominesnati‚</span> <span class='ocrx_word' id='word_1_159' title='bbox 427 2394 520 2440; x_wconf 89' lang='lat' dir='ltr'>durum</span> <span class='ocrx_word' id='word_1_160' title='bbox 531 2405 621 2452; x_wconf 89' lang='lat' dir='ltr'>genus.</span> <span class='ocrx_word' id='word_1_161' title='bbox 644 2404 705 2450; x_wconf 86' lang='lat' dir='ltr'>ergo</span> <span class='ocrx_word' id='word_1_162' title='bbox 718 2404 778 2451; x_wconf 85' lang='lat' dir='ltr'>age,</span> <span class='ocrx_word' id='word_1_163' title='bbox 795 2399 875 2439; x_wconf 85' lang='lat' dir='ltr'>terrae</span> 
     </span>
     <span class='ocr_line' id='line_1_26' title="bbox 141 2476 833 2548; baseline -0.009 -16"><span class='ocrx_word' id='word_1_164' title='bbox 141 2486 242 2548; x_wconf 82' lang='lat' dir='ltr'>pingue</span> <span class='ocrx_word' id='word_1_165' title='bbox 254 2484 340 2532; x_wconf 89' lang='lat' dir='ltr'>solum</span> <span class='ocrx_word' id='word_1_166' title='bbox 352 2482 440 2547; x_wconf 89' lang='lat' dir='ltr'>primis</span> <span class='ocrx_word' id='word_1_167' title='bbox 454 2480 583 2542; x_wconf 87' lang='lat' dir='ltr'>extemplo</span> <span class='ocrx_word' id='word_1_168' title='bbox 598 2494 613 2526; x_wconf 89' lang='lat' dir='ltr'>a</span> <span class='ocrx_word' id='word_1_169' title='bbox 625 2476 757 2525; x_wconf 87' lang='lat' dir='ltr'>mensibus</span> <span class='ocrx_word' id='word_1_170' title='bbox 771 2479 833 2526; x_wconf 91' lang='lat' dir='ltr'>anni</span> 
     </span>
    </p>

    <p class='ocr_par' dir='ltr' id='par_1_9' title="bbox 73 2565 758 2634">
     <span class='ocr_line' id='line_1_27' title="bbox 73 2565 758 2634; baseline -0.007 -14"><span class='ocrx_word' id='word_1_171' title='bbox 73 2577 110 2620; x_wconf 78' lang='grc'>65</span> <span class='ocrx_word' id='word_1_172' title='bbox 129 2575 215 2624; x_wconf 73' lang='lat' dir='ltr'>sortes</span> <span class='ocrx_word' id='word_1_173' title='bbox 226 2575 367 2626; x_wconf 84' lang='lat' dir='ltr'>invertant</span> <span class='ocrx_word' id='word_1_174' title='bbox 380 2572 452 2624; x_wconf 80' lang='lat' dir='ltr'>tauri</span> <span class='ocrx_word' id='word_1_175' title='bbox 465 2568 631 2634; x_wconf 69' lang='lat' dir='ltr'>glaebasque</span> <span class='ocrx_word' id='word_1_176' title='bbox 639 2565 758 2610; x_wconf 55' lang='lat' dir='ltr'>&#39;anteum</span> 
     </span>
    </p>
   </div>
   <div class='ocr_carea' id='block_1_3' title="bbox 112 2651 818 2734">
    <p class='ocr_par' dir='ltr' id='par_1_10' title="bbox 112 2651 818 2734">
     <span class='ocr_line' id='line_1_28' title="bbox 112 2651 818 2734; baseline -0.038 -20"><span class='ocrx_word' id='word_1_177' title='bbox 112 2665 319 2727; x_wconf 81' lang='lat' dir='ltr'>pulverulenta</span> <span class='ocrx_word' id='word_1_178' title='bbox 334 2671 445 2734; x_wconf 86' lang='lat' dir='ltr'>eoquat</span> <span class='ocrx_word' id='word_1_179' title='bbox 458 2658 575 2714; x_wconf 72' lang='lat' dir='ltr'>manuus</span> <span class='ocrx_word' id='word_1_180' title='bbox 590 2651 697 2703; x_wconf 68' lang='lat' dir='ltr'>soldius</span> <span class='ocrx_word' id='word_1_181' title='bbox 710 2652 818 2701; x_wconf 65' lang='lat' dir='ltr'>ussaw,</span> 
     </span>
    </p>
   </div>
   <div class='ocr_carea' id='block_1_4' title="bbox 0 0 918 2956">
    <p class='ocr_par' dir='ltr' id='par_1_11' title="bbox 0 0 918 2956">
     <span class='ocr_line' id='line_1_29' title="bbox 0 0 918 2956; baseline 0 0"><span class='ocrx_word' id='word_1_182' title='bbox 0 0 918 2956; x_wconf 95' lang='lat' dir='ltr'> </span> 
     </span>
    </p>
   </div>
  </div>
 </body>
</html>
