1816 2956
255 201 404 242 assumes
421 201 509 241 urana
526 203 555 242 v.
741 194 802 243 tte

75 360 228 422 auxilioque
241 374 333 408 vocare
347 360 408 407 dees
422 366 447 406 et
459 359 564 408 tendere
576 360 686 422 palmas.

72 439 201 511 ‘Iuppiter
218 448 391 511 omnipotens,
407 448 428 495 si
442 449 558 496 nondum
571 463 664 497 exosus
678 449 710 496 ad
724 464 804 498 nutam

75 537 213 598 Troianos,
229 537 313 599 siquid
326 537 408 600 pietas
423 537 530 599 antiqua
543 537 645 586 labores

75 625 182 690 respicit
194 625 330 684 humanos,
347 627 381 673 da
392 626 523 674 flammam
536 627 643 675 evadere
656 627 732 675 classi

29 720 57 765 >0
76 728 156 773 nunc,
171 720 253 776 pater,
269 721 294 762 et
306 715 389 763 tenuis
403 715 531 763 Teucrum
544 729 584 763 res
598 714 668 778 eripe
681 715 748 776 let03

76 804 116 852 vel
130 811 166 864 tu,
183 804 251 866 quod
266 811 390 866 superest,
405 804 497 852 infesto
511 803 619 852 fulmine
632 804 718 863 Morti,

76 893 220 951 timerem,
237 892 341 941 demitte
355 899 451 954 tuaque
463 892 506 941 hic
519 893 599 941 obrue
612 885 720 940 dextra.⁸

76 982 120 1030 vix
133 982 198 1030 haec
211 981 335 1040 ediderat,
351 996 409 1029 cum
422 981 508 1029 effusis
521 981 645 1029 imbribus
659 987 714 1030 atra

76 1077 214 1134 tempestas
227 1069 283 1118 sine
295 1084 366 1118 more
380 1069 441 1117 furit
453 1071 601 1132 tonitruque
614 1077 769 1119 tremescunt

29 1165 57 1210 ie
77 1161 159 1209 ardua
172 1166 297 1208 terrerum
311 1165 335 1207 et
348 1159 442 1221 campi,
458 1159 509 1206 ruit
522 1159 624 1208 aethere
637 1166 691 1207 toto

76 1248 194 1296 turbidus
207 1247 289 1297 imber
308 1262 377 1309 aqua
394 1247 532 1310 densisque
544 1248 698 1309 nigerrimus
712 1249 804 1297 austris

76 1337 260 1401 inplenturque
273 1350 349 1398 super
362 1351 470 1399 puppes,
485 1344 597 1384 semusta
609 1338 762 1386 madescunt

77 1427 180 1485 robore,
196 1425 332 1474 restinctus
347 1426 429 1473 donec
441 1440 521 1488 vapor
535 1426 618 1473 omnis
632 1433 657 1474 et
670 1440 767 1486 omnes,

77 1523 200 1578 quattuor
212 1515 322 1574 amissis,
338 1521 453 1563 servatae
466 1529 482 1562 a
494 1522 565 1577 peste
578 1514 690 1563 carinae.

29 1609 58 1653 ³0
112 1603 150 1653 At
161 1610 234 1666 pater
245 1604 357 1663 Aeneas,
373 1619 434 1653 casu
448 1618 586 1652 concussus
600 1603 703 1662 acerbo,

77 1706 147 1763 nuuc
159 1691 211 1740 hue
223 1692 345 1753 ingentis,
360 1707 430 1740 nuuc
443 1693 506 1740 illuc
518 1698 622 1754 pectore
636 1706 710 1740 curus

77 1779 194 1828 mutabat
206 1795 317 1840 versans,
334 1780 461 1830 Siculisne
474 1781 596 1830 resideret
608 1780 684 1840 arvis,

78 1869 173 1917 oblitus
186 1870 307 1928 fetorum,
322 1869 436 1918 Italasne
450 1875 592 1933 capesseret
604 1883 672 1917 oras.

76 1964 132 2006 tum
145 1958 231 2007 senior
242 1958 348 2016 Nautes,
364 1973 443 2005 unum
457 1958 576 2006 Tritonia
588 1959 675 2006 Pallas

29 2052 57 2096 >5
78 2061 154 2110 quem
168 2048 257 2096 docuit
269 2048 403 2110 multaque
415 2047 544 2109 insignem
556 2047 668 2096 reddidit
681 2053 750 2095 arte:

77 2137 143 2186 haec
155 2151 281 2199 responsa
294 2137 381 2196 dabat,
396 2138 436 2185 vel
449 2151 516 2200 quae
529 2137 695 2199 portenderet
706 2136 745 2185 ira

76 2240 172 2287 magna
186 2226 262 2274 deum
274 2227 313 2274 vel
327 2241 394 2289 quae
407 2226 519 2275 satorum
530 2232 650 2288 posceret
661 2225 740 2272 ordo:

76 2314 150 2377 isque
163 2315 202 2362 his
216 2315 323 2363 Aenean
337 2315 434 2362 solatus
447 2314 551 2362 vocibus
564 2314 629 2361 infit.

73 2393 144 2452 ‘nate
162 2404 225 2462 dea,
245 2418 296 2466 quo
315 2403 368 2451 iate
386 2403 491 2450 trahunt
509 2403 693 2466 retrahuntque
712 2417 803 2464 sequa-

377 2506 443 2539 mur.

29 2587 57 2631 10
77 2580 204 2644 quidquid
218 2581 274 2639 erit,
290 2581 436 2643 superanda
449 2581 533 2628 omnis
546 2580 650 2628 fortuna
662 2579 800 2628 ferendcst.

77 2670 173 2720 esttibi
185 2669 333 2719 Dardanius
347 2669 451 2722 divinae
464 2669 560 2737 stirpis
570 2670 698 2720 beestesx

602 2748 668 2803 in*
