1816 2956
83 165 142 214 392
321 173 347 211 r.
365 171 487 210 imaeue
507 169 638 210 nasonis

151 344 196 379 seu
209 343 300 392 pacem
313 343 358 378 seu
372 329 442 376 belle
454 342 551 390 geram,
567 327 614 376 tibi
627 327 742 375 maxima
754 342 840 375 rerum

151 417 339 479 verborumque
352 407 434 464 lides.³
460 422 640 478 contraquam
653 415 718 464 talia
730 415 801 463 fatur

150 506 287 568 Euryalus.
312 495 364 554 ‘me
376 506 451 553 nulla
463 505 517 552 dies
531 510 584 552 tam
597 503 706 553 fortibus
719 505 791 553 ansis

81 600 131 643 280
152 594 302 642 dissimilem
317 594 445 656 arguerit:
461 599 561 640 tantum
573 592 678 640 fortuna
690 594 818 641 secunda

151 683 220 732 haud
234 684 342 731 adversa
354 683 438 731 cadat.
467 681 511 729 sed
525 688 550 729 te
563 682 742 743 superomnia
755 683 826 730 dona

151 786 231 819 uuum
245 786 306 819 oro:
321 770 439 832 genetrix
451 769 547 817 Priami
561 769 593 817 de
605 777 683 830 gente
695 777 799 818 vetusta

152 868 190 908 est
202 859 275 919 mihi,
292 873 370 921 quum
383 859 503 907 miseram
516 858 599 906 tenuit
611 870 664 904 nou
676 857 728 906 Ilia
741 861 820 908 tellus

151 962 253 996 mecum
266 948 442 1006 excedentem,
457 961 510 993 non
523 945 627 994 moenia
639 946 708 1008 regis
722 948 843 997 Acestae.

81 1041 130 1084 285
151 1037 219 1084 haue
238 1050 287 1098 ego
306 1050 375 1084 nunc
394 1036 512 1097 ignaram
529 1035 606 1082 huius
620 1035 808 1100 quodcumque
820 1036 881 1100 peri·

452 1123 510 1172 clist
668 1183 675 1197 r
774 1180 776 1186 Ι

150 1213 230 1276 inque
243 1212 381 1260 salutatam
394 1211 500 1273 linqu0;
517 1221 571 1258 nox
585 1217 610 1259 et
622 1217 667 1259 tue
680 1212 753 1260 testis

128 1296 133 1303 ’
151 1303 257 1351 dextera
269 1301 339 1363 qnod
353 1313 480 1361 nequeam
494 1300 614 1348 lacrimas
628 1299 742 1361 perferre
756 1302 881 1363 parentis.

151 1399 177 1438 at
189 1398 226 1449 tu,
242 1403 297 1448 oro,
313 1389 398 1436 solare
411 1389 515 1450 inopem
529 1395 554 1436 et
566 1403 687 1436 succurre
700 1389 820 1439 relictae.

150 1479 219 1526 hanc
232 1477 288 1526 sine
300 1491 342 1525 me
355 1491 427 1539 spem
440 1477 506 1525 ferre
519 1477 570 1523 tui:
587 1476 725 1524 audentior
738 1477 783 1525 ibo

80 1573 131 1616 290
151 1568 178 1614 in
192 1581 266 1615 casus
280 1557 389 1613 0mnes.'
414 1580 535 1626 percussa
549 1572 633 1612 mente
646 1565 741 1613 dedere

149 1655 319 1703 Dardanidae
331 1654 467 1713 lacrimas3
483 1662 541 1702 ante
555 1654 639 1701 omnis
653 1654 763 1715 pulcher
776 1655 860 1713 Iulus,

150 1751 227 1807 atque
241 1744 356 1791 animum
369 1744 467 1805 patriae
481 1744 584 1790 strinxit
595 1743 697 1804 pietatis
711 1743 813 1805 imago.

150 1841 205 1881 tum
218 1833 255 1880 sic
269 1832 368 1880 effatur.

146 1911 257 1984 ‘sponde
271 1921 350 1981 digna
363 1919 413 1967 tuis
427 1919 574 1980 ingentibus
589 1918 676 1965 omnia
690 1920 801 1980 coeptis.

80 2016 130 2060 295
150 2022 263 2070 namque
276 2008 324 2055 erit
336 2008 385 2055 ista
398 2008 461 2054 mihi
475 2008 592 2068 genetrix
605 2021 753 2068 nomenque
769 2007 884 2057 Creusae

150 2098 235 2146 solum
248 2095 358 2143 deluerit
370 2110 418 2144 nec
431 2103 533 2158 partum
545 2096 628 2157 gratia
641 2096 720 2143 talem
795 2158 797 2160 q

150 2200 229 2249 parva
241 2191 336 2232 manet.
363 2199 436 2231 casus
451 2184 546 2232 l'aetum
560 2185 716 2246 quicumque
729 2194 881 2245 sequentur,

150 2289 195 2338 per
208 2280 286 2336 caput
298 2272 348 2320 hoc
361 2273 427 2330 iure,
444 2287 489 2334 per
502 2273 571 2333 quod
586 2279 658 2334 pater
671 2279 731 2319 ante
744 2273 865 2322 solebat:

152 2377 217 2426 quae
230 2362 276 2409 tibi
291 2361 416 2424 polliceor
429 2362 515 2408 reduci
530 2361 656 2422 rebusque
669 2361 802 2421 secundis,

79 2458 131 2500 300
150 2452 214 2500 haee
227 2451 317 2500 eadem
330 2449 457 2511 matrique
470 2457 530 2496 tuae
542 2449 682 2510 generique
695 2444 862 2498 manabunt'

150 2542 187 2589 sic
200 2542 236 2589 ait
249 2538 433 2596 inlacrimans;
449 2552 537 2584 umero
551 2537 627 2584 simul
641 2537 712 2584 exuit
725 2551 828 2598 ensem,

149 2637 278 2688 auratum,
294 2627 359 2674 mira
372 2640 449 2689 quem
462 2626 556 2673 fecerat
569 2633 623 2673 arte
635 2625 742 2687 Lycaon
