1816 2956
104 169 163 216 41⁸2
192 179 219 218 P.
236 177 358 218 's'ERGlLI
378 177 509 218 MARONIS
527 177 675 218 isthmos
693 179 751 218 Lm.
769 179 813 219 IX·

112 330 114 334 ’
172 335 217 382 ille
231 334 336 396 quidem
349 333 399 382 hoo
412 334 518 397 cupiens
531 334 597 396 potis
612 341 650 382 est
660 349 705 396 per
712 334 900 399 teluvirosque.

173 422 242 471 haud
255 422 330 470 aliter
343 430 411 471 retro
424 422 518 471 dubius
531 422 640 483 vestigis
652 422 755 471 Turnus

103 515 152 560 795
173 511 339 573 inproperare
351 510 429 559 refert
442 519 467 559 et
479 525 550 559 mens
563 517 698 559 exaestuat
710 510 757 560 ira.

174 600 234 662 quin
250 599 327 648 etiarn
340 599 379 647 bis
393 607 448 648 tum
460 600 559 648 medios
572 599 702 648 inusserat
714 599 808 660 hostie,

173 688 212 736 his
223 688 334 736 confuse
347 689 410 749 fuga
422 676 467 750 per
479 703 566 737 muros
577 688 685 749 agmins
697 689 789 736 vertit:

172 777 216 826 sed
231 792 322 824 meuus
335 791 349 824 e
362 777 451 824 castris
464 790 573 838 propere
586 777 639 824 coit
652 775 735 824 omnis
749 777 777 824 in
793 793 882 838 uuum,

172 880 221 914 nee
235 873 326 914 contre
337 866 403 913 vires
416 866 494 913 sudet
507 863 629 913 Saturnia
641 865 707 912 Iuno

102 959 153 1003 800
173 954 305 1002 sufficere:
327 954 422 1001 aerium
436 953 509 1001 caelo
522 968 582 1000 nuru
595 953 711 1015 Iuppiter
725 953 789 1002 Irim

174 1043 284 1100 demisit,
299 1057 438 1103 germanae
451 1042 520 1089 huud
534 1042 625 1090 mollia
637 1042 707 1089 iussa
721 1042 860 1104 ferentem,

172 1131 199 1179 ni
213 1131 315 1178 Turnus
328 1131 403 1178 cedat
415 1131 574 1178 Teucrorum
587 1130 723 1179 moenibus
737 1132 809 1181 aitis.

173 1234 235 1282 ergo
248 1234 295 1268 nso
306 1219 392 1282 clipeo
406 1219 504 1267 iuvenis
517 1219 655 1268 subsistere
668 1225 771 1268 tentum

172 1323 221 1358 neo
234 1308 324 1357 dextra
336 1308 419 1357 velet:
441 1308 541 1356 iniectis
555 1309 591 1355 sic
604 1307 719 1371 undique
732 1309 795 1358 telis

102 1403 153 1445 805
173 1397 298 1445 obruitur.
326 1397 416 1459 strepit
429 1397 537 1444 adsiduo
552 1411 615 1444 cava
627 1403 744 1458 tempora
758 1398 859 1446 circum

172 1485 267 1533 tionitu
280 1486 356 1547 gulsa
368 1492 395 1533 et
406 1486 475 1532 saxis
487 1485 573 1533 sousa
586 1499 647 1532 seru
659 1484 796 1545 fatiscunt,

173 1575 354 1636 discussaeque
368 1573 443 1621 iubae
457 1573 544 1635 capiti,
561 1588 608 1621 neo
621 1572 716 1620 sufficit
728 1574 811 1624 umbo

172 1663 274 1721 ictibus,
290 1663 453 1723 ingeminant
465 1662 545 1709 hastis
559 1669 584 1709 et
596 1661 676 1709 Troes
690 1662 786 1724 etipse

173 1751 311 1800 fulmineus
325 1751 482 1799 Mnestheus.
510 1757 564 1796 tum
577 1757 631 1797 toto
645 1764 754 1810 corpore
768 1753 851 1801 sudor

102 1844 153 1887 810
174 1840 280 1902 liquitur
293 1847 318 1886 et
331 1840 432 1901 piceum
446 1839 505 1901 (uec
518 1839 642 1900 respirare
656 1840 786 1903 potestas)

172 1927 266 1975 flumen
281 1927 342 1988 agit,
358 1928 437 1975 fessos
451 1927 534 1989 quatit
547 1941 623 1986 aeger
636 1926 767 1974 anhelitus
782 1940 863 1978 artus.

173 2023 227 2063 tum
240 2016 344 2064 demum
357 2031 479 2078 prseeeps
493 2017 560 2063 saltu
574 2029 629 2063 sese
640 2015 764 2063 omnibus
779 2020 860 2066 armis

172 2104 198 2151 in
212 2104 316 2151 fluvium
330 2104 415 2152 dedit:
436 2105 481 2151 ille
494 2118 541 2150 suo
555 2119 613 2151 eum
626 2103 727 2163 gurgite
740 2104 812 2154 flavo

172 2192 272 2255 aceepit
285 2193 427 2241 venientem
441 2207 472 2241 ao
483 2192 605 2240 mollibus
619 2192 710 2240 extulit
723 2195 805 2242 undis

101 2285 150 2328 815
172 2288 196 2328 et
209 2281 304 2329 laetum
317 2281 395 2329 sociis
409 2281 498 2329 abluta
511 2281 589 2329 caede
603 2280 709 2328 remisit.
