<?xml version="1.0" encoding="UTF-8"?>
<!DOCTYPE html PUBLIC "-//W3C//DTD XHTML 1.0 Transitional//EN"
    "http://www.w3.org/TR/xhtml1/DTD/xhtml1-transitional.dtd">
<html xmlns="http://www.w3.org/1999/xhtml" xml:lang="en" lang="en">
 <head>
  <title>
</title>
<meta http-equiv="Content-Type" content="text/html;charset=utf-8" />
  <meta name='ocr-system' content='tesseract 3.04.00' />
  <meta name='ocr-capabilities' content='ocr_page ocr_carea ocr_par ocr_line ocrx_word'/>
</head>
<body>
  <div class='ocr_page' id='page_1' title='image "./pvergiliusmaro01virggoog_0420.png"; bbox 0 0 1816 2956; ppageno 0'>
   <div class='ocr_carea' id='block_1_1' title="bbox 284 169 833 217">
    <p class='ocr_par' dir='ltr' id='par_1_1' title="bbox 284 169 833 217">
     <span class='ocr_line' id='line_1_1' title="bbox 284 169 833 217; baseline 0 -1"><span class='ocrx_word' id='word_1_1' title='bbox 284 177 431 216; x_wconf 75' lang='lat' dir='ltr'>unnnlnos</span> <span class='ocrx_word' id='word_1_2' title='bbox 452 179 537 216; x_wconf 80' lang='lat' dir='ltr'>LIBER</span> <span class='ocrx_word' id='word_1_3' title='bbox 554 179 595 217; x_wconf 85' lang='lat' dir='ltr'>lx.</span> <span class='ocrx_word' id='word_1_4' title='bbox 775 169 833 216; x_wconf 80' lang='grc'>401</span> 
     </span>
    </p>
   </div>
   <div class='ocr_carea' id='block_1_2' title="bbox 62 334 839 1191">
    <p class='ocr_par' dir='ltr' id='par_1_2' title="bbox 112 334 674 396">
     <span class='ocr_line' id='line_1_2' title="bbox 112 334 674 396; baseline 0 -16"><span class='ocrx_word' id='word_1_5' title='bbox 112 349 165 396; x_wconf 88' lang='lat' dir='ltr'>qua</span> <span class='ocrx_word' id='word_1_6' title='bbox 177 349 235 381; x_wconf 82' lang='lat' dir='ltr'>rara</span> <span class='ocrx_word' id='word_1_7' title='bbox 248 341 286 382; x_wconf 90' lang='lat' dir='ltr'>est</span> <span class='ocrx_word' id='word_1_8' title='bbox 298 334 365 382; x_wconf 86' lang='lat' dir='ltr'>acies</span> <span class='ocrx_word' id='word_1_9' title='bbox 378 334 564 396; x_wconf 80' lang='lat' dir='ltr'>interlucetque</span> <span class='ocrx_word' id='word_1_10' title='bbox 578 349 674 382; x_wconf 86' lang='lat' dir='ltr'>corona</span> 
     </span>
    </p>

    <p class='ocr_par' dir='ltr' id='par_1_3' title="bbox 112 422 794 660">
     <span class='ocr_line' id='line_1_3' title="bbox 112 422 794 484; baseline 0.003 -15"><span class='ocrx_word' id='word_1_11' title='bbox 112 437 165 469; x_wconf 94' lang='lat' dir='ltr'>non</span> <span class='ocrx_word' id='word_1_12' title='bbox 180 432 232 470; x_wconf 87' lang='lat' dir='ltr'>tam</span> <span class='ocrx_word' id='word_1_13' title='bbox 244 423 327 484; x_wconf 86' lang='lat' dir='ltr'>spissa</span> <span class='ocrx_word' id='word_1_14' title='bbox 339 422 408 470; x_wconf 88' lang='lat' dir='ltr'>viris.</span> <span class='ocrx_word' id='word_1_15' title='bbox 437 423 546 470; x_wconf 90' lang='lat' dir='ltr'>telorum</span> <span class='ocrx_word' id='word_1_16' title='bbox 560 423 690 471; x_wconf 79' lang='lat' dir='ltr'>effundere</span> <span class='ocrx_word' id='word_1_17' title='bbox 705 432 794 471; x_wconf 87' lang='lat' dir='ltr'>contra</span> 
     </span>
     <span class='ocr_line' id='line_1_4' title="bbox 112 511 772 572; baseline 0 -14"><span class='ocrx_word' id='word_1_18' title='bbox 112 525 189 558; x_wconf 91' lang='lat' dir='ltr'>omne</span> <span class='ocrx_word' id='word_1_19' title='bbox 203 526 284 572; x_wconf 83' lang='lat' dir='ltr'>genus</span> <span class='ocrx_word' id='word_1_20' title='bbox 297 511 390 559; x_wconf 85' lang='lat' dir='ltr'>Teucri</span> <span class='ocrx_word' id='word_1_21' title='bbox 404 525 435 558; x_wconf 87' lang='lat' dir='ltr'>ac</span> <span class='ocrx_word' id='word_1_22' title='bbox 449 511 518 557; x_wconf 90' lang='lat' dir='ltr'>duris</span> <span class='ocrx_word' id='word_1_23' title='bbox 532 511 667 561; x_wconf 82' lang='lat' dir='ltr'>detrudere</span> <span class='ocrx_word' id='word_1_24' title='bbox 680 512 772 570; x_wconf 85' lang='lat' dir='ltr'>contis,</span> 
     </span>
     <span class='ocr_line' id='line_1_5' title="bbox 112 597 647 660; baseline 0 -14"><span class='ocrx_word' id='word_1_25' title='bbox 112 599 212 646; x_wconf 87' lang='lat' dir='ltr'>adsueti</span> <span class='ocrx_word' id='word_1_26' title='bbox 226 599 306 660; x_wconf 84' lang='lat' dir='ltr'>longo</span> <span class='ocrx_word' id='word_1_27' title='bbox 320 613 407 646; x_wconf 89' lang='lat' dir='ltr'>muros</span> <span class='ocrx_word' id='word_1_28' title='bbox 420 598 556 647; x_wconf 78' lang='lat' dir='ltr'>defendere</span> <span class='ocrx_word' id='word_1_29' title='bbox 569 597 647 647; x_wconf 92' lang='lat' dir='ltr'>bello.</span> 
     </span>
    </p>

    <p class='ocr_par' dir='ltr' id='par_1_4' title="bbox 62 686 839 1014">
     <span class='ocr_line' id='line_1_6' title="bbox 62 686 775 750; baseline 0 -16"><span class='ocrx_word' id='word_1_30' title='bbox 62 691 92 734; x_wconf 92' lang='grc'>10</span> <span class='ocrx_word' id='word_1_31' title='bbox 112 701 176 734; x_wconf 87' lang='lat' dir='ltr'>saxa</span> <span class='ocrx_word' id='word_1_32' title='bbox 189 701 293 748; x_wconf 89' lang='lat' dir='ltr'>quoque</span> <span class='ocrx_word' id='word_1_33' title='bbox 306 687 399 734; x_wconf 79' lang='lat' dir='ltr'>infesto</span> <span class='ocrx_word' id='word_1_34' title='bbox 413 686 549 735; x_wconf 84' lang='lat' dir='ltr'><strong>volvebant</strong></span> <span class='ocrx_word' id='word_1_35' title='bbox 562 687 684 749; x_wconf 89' lang='lat' dir='ltr'>pondere,</span> <span class='ocrx_word' id='word_1_36' title='bbox 700 688 775 750; x_wconf 83' lang='lat' dir='ltr'>siqus</span> 
     </span>
     <span class='ocr_line' id='line_1_7' title="bbox 111 775 839 838; baseline 0.003 -16"><span class='ocrx_word' id='word_1_37' title='bbox 111 783 216 836; x_wconf 89' lang='lat' dir='ltr'>possent</span> <span class='ocrx_word' id='word_1_38' title='bbox 223 782 317 823; x_wconf 87' lang='lat' dir='ltr'>tectam</span> <span class='ocrx_word' id='word_1_39' title='bbox 324 775 407 823; x_wconf 81' lang='lat' dir='ltr'>aciem</span> <span class='ocrx_word' id='word_1_40' title='bbox 414 788 586 838; x_wconf 86' lang='lat' dir='ltr'>perrumpere,</span> <span class='ocrx_word' id='word_1_41' title='bbox 597 789 655 824; x_wconf 86' lang='lat' dir='ltr'>cum</span> <span class='ocrx_word' id='word_1_42' title='bbox 662 783 748 824; x_wconf 86' lang='lat' dir='ltr'>tamen</span> <span class='ocrx_word' id='word_1_43' title='bbox 755 776 839 824; x_wconf 87' lang='lat' dir='ltr'>omnis</span> 
     </span>
     <span class='ocr_line' id='line_1_8' title="bbox 111 862 688 912; baseline 0.002 -3"><span class='ocrx_word' id='word_1_44' title='bbox 111 863 177 910; x_wconf 84' lang='lat' dir='ltr'>serre</span> <span class='ocrx_word' id='word_1_45' title='bbox 191 862 261 911; x_wconf 84' lang='lat' dir='ltr'>iuvat</span> <span class='ocrx_word' id='word_1_46' title='bbox 272 863 360 911; x_wconf 83' lang='lat' dir='ltr'>subter</span> <span class='ocrx_word' id='word_1_47' title='bbox 372 864 452 912; x_wconf 85' lang='lat' dir='ltr'>densa</span> <span class='ocrx_word' id='word_1_48' title='bbox 465 865 592 912; x_wconf 84' lang='lat' dir='ltr'>testudine</span> <span class='ocrx_word' id='word_1_49' title='bbox 605 878 688 912; x_wconf 86' lang='lat' dir='ltr'>casus.</span> 
     </span>
     <span class='ocr_line' id='line_1_9' title="bbox 111 951 839 1014; baseline 0.003 -17"><span class='ocrx_word' id='word_1_50' title='bbox 111 966 159 999; x_wconf 93' lang='lat' dir='ltr'>nec</span> <span class='ocrx_word' id='word_1_51' title='bbox 178 951 230 998; x_wconf 88' lang='lat' dir='ltr'>iarn</span> <span class='ocrx_word' id='word_1_52' title='bbox 249 951 388 999; x_wconf 83' lang='lat' dir='ltr'>sufiiciunt.</span> <span class='ocrx_word' id='word_1_53' title='bbox 415 966 476 999; x_wconf 89' lang='grc'><strong>111111</strong></span> <span class='ocrx_word' id='word_1_54' title='bbox 496 967 547 1014; x_wconf 83' lang='lat' dir='ltr'>qua</span> <span class='ocrx_word' id='word_1_55' title='bbox 564 952 658 1014; x_wconf 83' lang='lat' dir='ltr'>globus</span> <span class='ocrx_word' id='word_1_56' title='bbox 672 952 789 1002; x_wconf 85' lang='lat' dir='ltr'>imminet</span> <span class='ocrx_word' id='word_1_57' title='bbox 801 953 839 999; x_wconf 93' lang='lat' dir='ltr'>in·</span> 
     </span>
    </p>

    <p class='ocr_par' dir='ltr' id='par_1_5' title="bbox 111 1036 776 1191">
     <span class='ocr_line' id='line_1_10' title="bbox 314 1036 484 1101; baseline -0.012 -13"><span class='ocrx_word' id='word_1_58' title='bbox 314 1036 317 1041; x_wconf 80' lang='grc'><strong>’</strong></span> <span class='ocrx_word' id='word_1_59' title='bbox 352 1071 354 1073; x_wconf 56' lang='lat'>&gt;</span> <span class='ocrx_word' id='word_1_60' title='bbox 411 1054 484 1101; x_wconf 86' lang='lat' dir='ltr'>gens,</span> 
     </span>
     <span class='ocr_line' id='line_1_11' title="bbox 111 1128 776 1191; baseline 0.002 -15"><span class='ocrx_word' id='word_1_61' title='bbox 111 1130 242 1177; x_wconf 90' lang='lat' dir='ltr'>inmanem</span> <span class='ocrx_word' id='word_1_62' title='bbox 255 1128 348 1176; x_wconf 85' lang='lat' dir='ltr'>Teucri</span> <span class='ocrx_word' id='word_1_63' title='bbox 362 1129 457 1176; x_wconf 87' lang='lat' dir='ltr'>molem</span> <span class='ocrx_word' id='word_1_64' title='bbox 471 1129 626 1191; x_wconf 83' lang='lat' dir='ltr'>volvuntque</span> <span class='ocrx_word' id='word_1_65' title='bbox 639 1137 776 1191; x_wconf 85' lang='lat' dir='ltr'>ruentque,</span> 
     </span>
    </p>
   </div>
   <div class='ocr_carea' id='block_1_3' title="bbox 61 1216 780 1457">
    <p class='ocr_par' dir='ltr' id='par_1_6' title="bbox 61 1216 780 1457">
     <span class='ocr_line' id='line_1_12' title="bbox 61 1216 780 1280; baseline -0.003 -14"><span class='ocrx_word' id='word_1_66' title='bbox 61 1224 91 1266; x_wconf 83' lang='lat'>15</span> <span class='ocrx_word' id='word_1_67' title='bbox 112 1232 178 1280; x_wconf 85' lang='lat' dir='ltr'>qnae</span> <span class='ocrx_word' id='word_1_68' title='bbox 192 1218 280 1265; x_wconf 87' lang='lat' dir='ltr'>stravit</span> <span class='ocrx_word' id='word_1_69' title='bbox 292 1216 402 1264; x_wconf 88' lang='lat' dir='ltr'>Rutulos</span> <span class='ocrx_word' id='word_1_70' title='bbox 417 1218 467 1265; x_wconf 90' lang='lat' dir='ltr'>late</span> <span class='ocrx_word' id='word_1_71' title='bbox 481 1232 662 1280; x_wconf 85' lang='lat' dir='ltr'>armorumque</span> <span class='ocrx_word' id='word_1_72' title='bbox 675 1217 780 1266; x_wconf 91' lang='lat' dir='ltr'>resolvit</span> 
     </span>
     <span class='ocr_line' id='line_1_13' title="bbox 112 1307 767 1368; baseline 0.002 -15"><span class='ocrx_word' id='word_1_73' title='bbox 112 1307 234 1368; x_wconf 85' lang='lat' dir='ltr'>tegmina.</span> <span class='ocrx_word' id='word_1_74' title='bbox 262 1319 309 1353; x_wconf 87' lang='lat' dir='ltr'>nec</span> <span class='ocrx_word' id='word_1_75' title='bbox 323 1312 414 1353; x_wconf 83' lang='lat' dir='ltr'>curant</span> <span class='ocrx_word' id='word_1_76' title='bbox 427 1320 503 1353; x_wconf 88' lang='lat' dir='ltr'>caeco</span> <span class='ocrx_word' id='word_1_77' title='bbox 517 1307 672 1355; x_wconf 86' lang='lat' dir='ltr'>contendere</span> <span class='ocrx_word' id='word_1_78' title='bbox 684 1307 767 1355; x_wconf 87' lang='lat' dir='ltr'>Marte</span> 
     </span>
     <span class='ocr_line' id='line_1_14' title="bbox 111 1393 708 1457; baseline 0.002 -15"><span class='ocrx_word' id='word_1_79' title='bbox 111 1395 222 1457; x_wconf 88' lang='lat' dir='ltr'>amplius</span> <span class='ocrx_word' id='word_1_80' title='bbox 236 1393 346 1441; x_wconf 77' lang='lat' dir='ltr'>audaces</span> <span class='ocrx_word' id='word_1_81' title='bbox 359 1393 456 1452; x_wconf 86' lang='lat' dir='ltr'>Rutuli,</span> <span class='ocrx_word' id='word_1_82' title='bbox 473 1395 516 1442; x_wconf 91' lang='lat' dir='ltr'>sed</span> <span class='ocrx_word' id='word_1_83' title='bbox 530 1395 626 1456; x_wconf 88' lang='lat' dir='ltr'>pellere</span> <span class='ocrx_word' id='word_1_84' title='bbox 639 1396 708 1443; x_wconf 90' lang='lat' dir='ltr'>vallo</span> 
     </span>
    </p>
   </div>
   <div class='ocr_carea' id='block_1_4' title="bbox 57 1482 791 2601">
    <p class='ocr_par' dir='ltr' id='par_1_7' title="bbox 111 1482 370 1531">
     <span class='ocr_line' id='line_1_15' title="bbox 111 1482 370 1531; baseline -0.004 -1"><span class='ocrx_word' id='word_1_85' title='bbox 111 1482 250 1531; x_wconf 89' lang='lat' dir='ltr'>missilibus</span> <span class='ocrx_word' id='word_1_86' title='bbox 264 1489 370 1530; x_wconf 88' lang='lat' dir='ltr'>certant.</span> 
     </span>
    </p>

    <p class='ocr_par' dir='ltr' id='par_1_8' title="bbox 58 1571 771 1722">
     <span class='ocr_line' id='line_1_16' title="bbox 111 1571 771 1634; baseline 0.003 -15"><span class='ocrx_word' id='word_1_87' title='bbox 111 1579 183 1634; x_wconf 82' lang='lat' dir='ltr'>parte</span> <span class='ocrx_word' id='word_1_88' title='bbox 197 1572 250 1619; x_wconf 85' lang='lat' dir='ltr'>alia</span> <span class='ocrx_word' id='word_1_89' title='bbox 263 1571 405 1619; x_wconf 88' lang='lat' dir='ltr'>horrendus</span> <span class='ocrx_word' id='word_1_90' title='bbox 418 1571 473 1618; x_wconf 90' lang='lat' dir='ltr'>visu</span> <span class='ocrx_word' id='word_1_91' title='bbox 486 1571 625 1633; x_wconf 82' lang='lat' dir='ltr'>quassabat</span> <span class='ocrx_word' id='word_1_92' title='bbox 637 1571 771 1621; x_wconf 79' lang='lat' dir='ltr'>Etruscam</span> 
     </span>
     <span class='ocr_line' id='line_1_17' title="bbox 58 1660 720 1722; baseline 0.002 -15"><span class='ocrx_word' id='word_1_93' title='bbox 58 1665 90 1707; x_wconf 83' lang='lat'>20</span> <span class='ocrx_word' id='word_1_94' title='bbox 110 1661 199 1722; x_wconf 87' lang='lat' dir='ltr'>pinum</span> <span class='ocrx_word' id='word_1_95' title='bbox 213 1668 238 1709; x_wconf 92' lang='lat' dir='ltr'>et</span> <span class='ocrx_word' id='word_1_96' title='bbox 250 1660 382 1707; x_wconf 85' lang='lat' dir='ltr'>fumiferos</span> <span class='ocrx_word' id='word_1_97' title='bbox 395 1660 472 1707; x_wconf 85' lang='lat' dir='ltr'>insert</span> <span class='ocrx_word' id='word_1_98' title='bbox 484 1660 624 1708; x_wconf 79' lang='lat' dir='ltr'>Mezentius</span> <span class='ocrx_word' id='word_1_99' title='bbox 637 1661 703 1722; x_wconf 87' lang='lat' dir='ltr'>ignis</span> <span class='ocrx_word' id='word_1_100' title='bbox 714 1677 720 1720; x_wconf 74' lang='lat'>3</span> 
     </span>
    </p>

    <p class='ocr_par' dir='ltr' id='par_1_9' title="bbox 110 1744 752 1811">
     <span class='ocr_line' id='line_1_18' title="bbox 110 1744 752 1811; baseline 0.005 -17"><span class='ocrx_word' id='word_1_101' title='bbox 110 1755 136 1795; x_wconf 88' lang='lat' dir='ltr'>at</span> <span class='ocrx_word' id='word_1_102' title='bbox 148 1749 281 1809; x_wconf 84' lang='lat' dir='ltr'>Messapus</span> <span class='ocrx_word' id='word_1_103' title='bbox 295 1762 368 1796; x_wconf 87' lang='lat' dir='ltr'>ecum</span> <span class='ocrx_word' id='word_1_104' title='bbox 382 1749 501 1808; x_wconf 89' lang='lat' dir='ltr'>domitor,</span> <span class='ocrx_word' id='word_1_105' title='bbox 517 1748 646 1811; x_wconf 82' lang='lat' dir='ltr'>Neptunia</span> <span class='ocrx_word' id='word_1_106' title='bbox 658 1744 752 1811; x_wconf 89' lang='lat' dir='ltr'>proles,</span> 
     </span>
    </p>

    <p class='ocr_par' dir='ltr' id='par_1_10' title="bbox 109 1835 732 1900">
     <span class='ocr_line' id='line_1_19' title="bbox 109 1835 732 1900; baseline 0.002 -17"><span class='ocrx_word' id='word_1_107' title='bbox 109 1835 232 1883; x_wconf 88' lang='lat' dir='ltr'>rescindit</span> <span class='ocrx_word' id='word_1_108' title='bbox 245 1835 341 1882; x_wconf 85' lang='lat' dir='ltr'>vallum</span> <span class='ocrx_word' id='word_1_109' title='bbox 353 1836 474 1883; x_wconf 83' lang='grc'><strong>11111111</strong></span> <span class='ocrx_word' id='word_1_110' title='bbox 487 1837 513 1883; x_wconf 93' lang='lat' dir='ltr'>in</span> <span class='ocrx_word' id='word_1_111' title='bbox 527 1838 630 1885; x_wconf 90' lang='lat' dir='ltr'>moenia</span> <span class='ocrx_word' id='word_1_112' title='bbox 642 1838 732 1900; x_wconf 88' lang='lat' dir='ltr'>poscit.</span> 
     </span>
    </p>

    <p class='ocr_par' dir='ltr' id='par_1_11' title="bbox 109 1903 791 2075">
     <span class='ocr_line' id='line_1_20' title="bbox 144 1903 757 1987; baseline 0.007 -18"><span class='ocrx_word' id='word_1_113' title='bbox 144 1922 207 1981; x_wconf 93' lang='lat' dir='ltr'>Vos,</span> <span class='ocrx_word' id='word_1_114' title='bbox 224 1939 238 1970; x_wconf 95' lang='lat' dir='ltr'>o</span> <span class='ocrx_word' id='word_1_115' title='bbox 254 1921 381 1984; x_wconf 83' lang='lat' dir='ltr'>Calliope,</span> <span class='ocrx_word' id='word_1_116' title='bbox 397 1938 497 1985; x_wconf 81' lang='lat' dir='ltr'>precor,</span> <span class='ocrx_word' id='word_1_117' title='bbox 513 1903 642 1987; x_wconf 83' lang='lat' dir='ltr'>adspirate</span> <span class='ocrx_word' id='word_1_118' title='bbox 656 1927 757 1974; x_wconf 84' lang='lat' dir='ltr'>canenti</span> 
     </span>
     <span class='ocr_line' id='line_1_21' title="bbox 109 2010 791 2075; baseline 0.007 -18"><span class='ocrx_word' id='word_1_119' title='bbox 109 2027 172 2074; x_wconf 84' lang='lat' dir='ltr'>quas</span> <span class='ocrx_word' id='word_1_120' title='bbox 186 2011 221 2058; x_wconf 87' lang='lat' dir='ltr'>ibi</span> <span class='ocrx_word' id='word_1_121' title='bbox 235 2018 289 2058; x_wconf 91' lang='lat' dir='ltr'>tum</span> <span class='ocrx_word' id='word_1_122' title='bbox 302 2010 369 2059; x_wconf 86' lang='lat' dir='ltr'>ferro</span> <span class='ocrx_word' id='word_1_123' title='bbox 383 2019 490 2073; x_wconf 84' lang='lat' dir='ltr'>strages,</span> <span class='ocrx_word' id='word_1_124' title='bbox 506 2027 572 2075; x_wconf 86' lang='lat' dir='ltr'>quae</span> <span class='ocrx_word' id='word_1_125' title='bbox 586 2013 676 2062; x_wconf 84' lang='lat' dir='ltr'>funera</span> <span class='ocrx_word' id='word_1_126' title='bbox 688 2015 791 2062; x_wconf 87' lang='lat' dir='ltr'>Turnus</span> 
     </span>
    </p>

    <p class='ocr_par' dir='ltr' id='par_1_12' title="bbox 57 2100 769 2251">
     <span class='ocr_line' id='line_1_22' title="bbox 57 2100 769 2163; baseline 0.001 -14"><span class='ocrx_word' id='word_1_127' title='bbox 57 2107 87 2149; x_wconf 82' lang='lat'>25</span> <span class='ocrx_word' id='word_1_128' title='bbox 109 2100 225 2159; x_wconf 88' lang='lat' dir='ltr'>ediderit,</span> <span class='ocrx_word' id='word_1_129' title='bbox 242 2114 318 2162; x_wconf 88' lang='lat' dir='ltr'>quem</span> <span class='ocrx_word' id='word_1_130' title='bbox 332 2101 440 2163; x_wconf 90' lang='lat' dir='ltr'>quisque</span> <span class='ocrx_word' id='word_1_131' title='bbox 453 2102 535 2148; x_wconf 89' lang='lat' dir='ltr'>virum</span> <span class='ocrx_word' id='word_1_132' title='bbox 549 2102 679 2152; x_wconf 88' lang='lat' dir='ltr'>demiserit</span> <span class='ocrx_word' id='word_1_133' title='bbox 692 2101 769 2162; x_wconf 88' lang='lat' dir='ltr'>Orco,</span> 
     </span>
     <span class='ocr_line' id='line_1_23' title="bbox 107 2189 644 2251; baseline 0.002 -13"><span class='ocrx_word' id='word_1_134' title='bbox 107 2197 132 2238; x_wconf 88' lang='lat' dir='ltr'>et</span> <span class='ocrx_word' id='word_1_135' title='bbox 144 2204 245 2237; x_wconf 90' lang='lat' dir='ltr'>mecum</span> <span class='ocrx_word' id='word_1_136' title='bbox 258 2189 368 2251; x_wconf 86' lang='lat' dir='ltr'>ingentis</span> <span class='ocrx_word' id='word_1_137' title='bbox 382 2204 440 2238; x_wconf 87' lang='lat' dir='ltr'>oras</span> <span class='ocrx_word' id='word_1_138' title='bbox 453 2191 560 2239; x_wconf 90' lang='lat' dir='ltr'>evolvite</span> <span class='ocrx_word' id='word_1_139' title='bbox 574 2191 644 2240; x_wconf 91' lang='lat' dir='ltr'>belli.</span> 
     </span>
    </p>

    <p class='ocr_par' dir='ltr' id='par_1_13' title="bbox 106 2278 768 2520">
     <span class='ocr_line' id='line_1_24' title="bbox 142 2278 767 2343; baseline 0.005 -18"><span class='ocrx_word' id='word_1_140' title='bbox 142 2278 231 2326; x_wconf 90' lang='lat' dir='ltr'>Turris</span> <span class='ocrx_word' id='word_1_141' title='bbox 245 2285 300 2326; x_wconf 90' lang='lat' dir='ltr'>erat</span> <span class='ocrx_word' id='word_1_142' title='bbox 312 2285 382 2325; x_wconf 87' lang='lat' dir='ltr'>vasto</span> <span class='ocrx_word' id='word_1_143' title='bbox 396 2287 516 2341; x_wconf 88' lang='lat' dir='ltr'>suspectu</span> <span class='ocrx_word' id='word_1_144' title='bbox 529 2287 554 2327; x_wconf 88' lang='lat' dir='ltr'>et</span> <span class='ocrx_word' id='word_1_145' title='bbox 566 2280 687 2343; x_wconf 90' lang='lat' dir='ltr'>pontibus</span> <span class='ocrx_word' id='word_1_146' title='bbox 700 2281 767 2340; x_wconf 91' lang='lat' dir='ltr'>altis,</span> 
     </span>
     <span class='ocr_line' id='line_1_25' title="bbox 106 2366 768 2430; baseline 0.005 -16"><span class='ocrx_word' id='word_1_147' title='bbox 106 2374 253 2429; x_wconf 88' lang='lat' dir='ltr'>opportuna</span> <span class='ocrx_word' id='word_1_148' title='bbox 266 2368 339 2415; x_wconf 92' lang='lat' dir='ltr'>loco:</span> <span class='ocrx_word' id='word_1_149' title='bbox 361 2366 466 2415; x_wconf 90' lang='lat' dir='ltr'>summis</span> <span class='ocrx_word' id='word_1_150' title='bbox 481 2383 558 2430; x_wconf 90' lang='lat' dir='ltr'>quam</span> <span class='ocrx_word' id='word_1_151' title='bbox 570 2368 665 2417; x_wconf 88' lang='lat' dir='ltr'>viribus</span> <span class='ocrx_word' id='word_1_152' title='bbox 680 2384 768 2418; x_wconf 91' lang='lat' dir='ltr'>omnes</span> 
     </span>
     <span class='ocr_line' id='line_1_26' title="bbox 106 2455 743 2520; baseline 0.006 -19"><span class='ocrx_word' id='word_1_153' title='bbox 106 2469 254 2516; x_wconf 82' lang='lat' dir='ltr'>expugnare</span> <span class='ocrx_word' id='word_1_154' title='bbox 266 2455 325 2502; x_wconf 87' lang='lat' dir='ltr'>Itali</span> <span class='ocrx_word' id='word_1_155' title='bbox 338 2469 489 2517; x_wconf 87' lang='lat' dir='ltr'>summaque</span> <span class='ocrx_word' id='word_1_156' title='bbox 503 2464 613 2506; x_wconf 89' lang='lat' dir='ltr'>evertere</span> <span class='ocrx_word' id='word_1_157' title='bbox 627 2472 706 2520; x_wconf 89' lang='lat' dir='ltr'>opum</span> <span class='ocrx_word' id='word_1_158' title='bbox 720 2459 743 2505; x_wconf 88' lang='lat' dir='ltr'>vi</span> 
     </span>
    </p>

    <p class='ocr_par' dir='ltr' id='par_1_14' title="bbox 57 2543 691 2601">
     <span class='ocr_line' id='line_1_27' title="bbox 57 2543 691 2601; baseline 0.002 -11"><span class='ocrx_word' id='word_1_159' title='bbox 57 2548 85 2590; x_wconf 81' lang='lat'>30</span> <span class='ocrx_word' id='word_1_160' title='bbox 106 2543 246 2601; x_wconf 84' lang='lat' dir='ltr'>certabant,</span> <span class='ocrx_word' id='word_1_161' title='bbox 262 2543 342 2590; x_wconf 84' lang='lat' dir='ltr'>Troes</span> <span class='ocrx_word' id='word_1_162' title='bbox 356 2551 447 2594; x_wconf 88' lang='lat' dir='ltr'>contra</span> <span class='ocrx_word' id='word_1_163' title='bbox 460 2545 604 2595; x_wconf 78' lang='lat' dir='ltr'>defendere</span> <span class='ocrx_word' id='word_1_164' title='bbox 616 2546 691 2592; x_wconf 77' lang='grc'><strong>111111</strong></span> 
     </span>
    </p>
   </div>
   <div class='ocr_carea' id='block_1_5' title="bbox 67 2634 792 2759">
    <p class='ocr_par' dir='ltr' id='par_1_15' title="bbox 67 2634 792 2759">
     <span class='ocr_line' id='line_1_28' title="bbox 90 2634 792 2701; baseline -0.001 -29"><span class='ocrx_word' id='word_1_165' title='bbox 90 2642 190 2688; x_wconf 81' lang='lat' dir='ltr'>perque</span> <span class='ocrx_word' id='word_1_166' title='bbox 204 2645 280 2678; x_wconf 84' lang='lat' dir='ltr'>covas</span> <span class='ocrx_word' id='word_1_167' title='bbox 296 2634 371 2682; x_wconf 86' lang='lat' dir='ltr'>densi</span> <span class='ocrx_word' id='word_1_168' title='bbox 387 2637 443 2685; x_wconf 84' lang='lat' dir='ltr'>tela</span> <span class='ocrx_word' id='word_1_169' title='bbox 457 2637 625 2701; x_wconf 80' lang='lat' dir='ltr'>intorquere</span> <span class='ocrx_word' id='word_1_170' title='bbox 636 2634 792 2681; x_wconf 61' lang='grc'><strong>1111011111-</strong></span> 
     </span>
     <span class='ocr_line' id='line_1_29' title="bbox 67 2705 720 2759; baseline 0.011 -15"><span class='ocrx_word' id='word_1_171' title='bbox 67 2705 185 2758; x_wconf 66' lang='lat' dir='ltr'>Vergilius.</span> <span class='ocrx_word' id='word_1_172' title='bbox 668 2710 720 2759; x_wconf 61' lang='grc' dir='ltr'>Ἡ)</span> 
     </span>
    </p>
   </div>
   <div class='ocr_carea' id='block_1_6' title="bbox 0 0 912 2956">
    <p class='ocr_par' dir='ltr' id='par_1_16' title="bbox 0 0 912 2956">
     <span class='ocr_line' id='line_1_30' title="bbox 0 0 912 2956; baseline 0 0"><span class='ocrx_word' id='word_1_173' title='bbox 0 0 912 2956; x_wconf 95' lang='lat' dir='ltr'> </span> 
     </span>
    </p>
   </div>
  </div>
 </body>
</html>
