1816 2956
51 175 110 222 350
288 183 451 223 1³.vune1n1
472 184 603 223 mancius

118 351 171 390 tam
184 341 267 402 magis
280 341 326 388 illa
339 339 449 388 fremens
463 347 488 388 et
501 340 614 388 tristibus
628 341 707 389 effera
720 342 834 392 flammis

119 446 197 493 quarn
211 429 292 490 magis
305 428 386 477 effuso
400 429 554 476 crudescunt
565 430 692 491 sanguine
705 445 822 493 pugnae.

119 527 145 567 et
158 520 239 567 levem
253 518 363 580 clipeum
377 517 485 564 sublatis
500 518 620 566 cornibus
633 518 663 566 10

49 612 99 657 790
119 622 182 655 auro
195 606 344 668 insignibat,
359 605 411 652 iam
423 606 501 653 saetis
515 606 606 665 obsita,
622 607 674 654 iarn
688 607 745 667 bos,

119 704 298 758 argumentum
310 695 411 756 ingens,
427 700 452 741 et
465 701 550 742 custos
563 695 668 756 virginis
682 698 772 758 Argus

119 786 269 847 caelataque
281 797 384 832 amnem
396 783 506 830 fundens
520 792 592 845 pater
604 784 716 833 Inachus
729 801 807 835 urna.

118 874 262 936 insequitur
275 871 377 919 nimbus
389 872 504 934 peditum
518 872 679 934 clipeataque
693 874 754 921 totis
774 859 778 866 ⁵

119 963 224 1025 agmina
237 962 375 1010 densentur
388 961 494 1022 campis,
510 961 659 1023 Argivaque
672 961 754 1023 pubes

49 1057 98 1103 795
118 1036 309 1112 Auruncaeque
322 1065 421 1107 manus,
437 1049 526 1096 Rutuli
539 1058 687 1111 veteresque
701 1049 793 1100 Sicani

118 1147 144 1190 et
156 1139 285 1189 Sacranae
298 1139 366 1187 acies
379 1145 404 1186 et
416 1138 477 1200 picti
490 1144 563 1185 senta
575 1137 681 1198 Labici3

119 1230 161 1292 qui
175 1230 264 1287 saltus,
280 1227 410 1285 Tiberine,
426 1233 492 1285 tuos,
509 1242 661 1290 sacrumque
674 1227 779 1277 Numici

118 1319 178 1366 litus
192 1324 274 1375 arant,
289 1316 450 1377 Rutulosque
463 1322 583 1363 exercent
595 1330 697 1363 vomere
710 1318 804 1376 colles,

119 1405 306 1468 Circaeumque
320 1406 421 1465 iugum,
442 1404 498 1465 quis
511 1404 626 1467 Iuppiter
639 1407 764 1454 Anxurus
783 1409 851 1456 arvis

47 1502 99 1544 800
118 1495 256 1558 praesidet,
272 1500 297 1541 et
309 1492 383 1540 viridi
396 1493 513 1553 gaudens
526 1493 636 1541 Feronia
649 1494 726 1552 lucc,

119 1600 169 1646 qua
183 1583 290 1632 Saturae
303 1582 370 1629 iacet
382 1589 438 1629 atra
451 1581 526 1642 palus
539 1582 692 1643 gelidusque
705 1597 751 1643 per
765 1584 833 1633 imas

118 1673 218 1735 quaerit
230 1672 278 1718 iter
290 1671 370 1718 valles
383 1677 460 1730 atque
474 1670 500 1716 in
514 1685 584 1718 marc
598 1671 717 1718 conditur
729 1671 822 1721 Ufens.

153 1760 206 1808 Hos
221 1753 297 1822 super
309 1759 412 1806 advenit
425 1758 521 1805 Volsca
535 1759 566 1806 de
579 1767 655 1819 gente
668 1758 794 1820 Camilla,

117 1863 210 1911 agmen
223 1863 302 1909 agens
316 1848 430 1910 equiturn
444 1855 469 1894 et
481 1847 594 1894 florentis
608 1862 666 1895 aere
680 1855 808 1909 catervas,

47 1944 97 1987 805
117 1937 246 1995 bellatrix,
262 1951 314 1983 non
328 1937 373 1984 illa
387 1936 445 1983 colo
459 1935 599 1983 calathisve
612 1937 744 1985 Minervae

118 2027 242 2075 femineas
255 2026 362 2074 adsueta
375 2039 476 2082 manus,
492 2025 535 2072 scri
550 2025 649 2086 proelia
662 2025 734 2086 virgo

118 2117 181 2163 dura
194 2115 247 2178 pati
261 2127 388 2176 cursuque
401 2113 495 2176 pedum
509 2123 667 2175 praevertere
680 2123 781 2163 ventes.

117 2205 163 2253 illa
177 2205 214 2251 vel
228 2204 340 2251 intactae
353 2202 446 2263 segetis
460 2216 505 2264 per
518 2216 618 2249 summa
631 2202 730 2250 volaret

118 2292 236 2354 gramina
249 2308 296 2340 nec
309 2299 409 2340 teneras
424 2305 499 2339 cursu
512 2291 629 2339 laesisset
641 2291 742 2350 aristas,

47 2388 98 2430 810
118 2383 157 2431 vel
170 2395 240 2429 mare
254 2395 299 2442 per
310 2380 424 2427 medium
437 2379 514 2426 fluctu
528 2393 653 2441 suspensa
666 2381 775 2428 tumenti

111 2470 192 2522 ferret
203 2470 253 2520 iter
266 2468 357 2519 celeris
370 2482 419 2517 nec
430 2467 558 2529 tingueret
570 2482 682 2528 aequore
695 2468 811 2529 plantas.

98 2563 179 2614 illam
194 2563 285 2615 omnis
300 2563 379 2613 tectis
394 2559 523 2623 agrisque
534 2554 747 2604 ellusa'xuaaums

88 2656 234 2724 turbaque
250 2659 371 2710 miratur
384 2658 513 2704 matrum
526 2653 552 2694 el
562 2642 719 2705 mim*
728 2641 845 2687 mm*
