1816 2956
75 177 135 226 468
313 185 339 223 r.
356 183 477 222 vuacrm
497 181 629 221 sinuosis

73 347 124 391 485
145 355 255 405 pronum
268 347 352 388 sterne
365 340 422 387 solo
435 339 567 401 portisque
580 338 683 386 eilande
697 337 744 385 sub
759 330 841 387 altis.'

144 429 256 492 cingitur
268 429 322 491 ipse
335 428 421 476 furens
435 427 552 476 certatim
564 425 592 473 in
604 426 704 488 proclia
717 426 835 475 Turnus.

144 519 248 580 iamque
261 517 326 565 adeo
338 517 444 564 rutilum
457 515 564 563 thoraca
576 514 680 562 indutus
695 516 769 563 aenis

144 605 267 654 horrebat
278 605 393 668 squamis
406 618 530 666 surasque
543 603 683 651 incluserat
696 617 772 662 auro,

144 701 261 757 tempora
274 694 358 740 nudus
371 693 465 751 adbuc,
485 692 611 754 laterique
625 691 776 741 accinxerat
790 708 877 743 ensem

74 788 126 832 490
144 782 311 846 fulgebatque
325 781 379 828 alta
391 780 528 828 decurrens
542 793 634 828 aureus
648 794 707 828 arce

145 871 295 932 exultatque
308 868 400 917 animis
414 875 440 917 et
451 883 496 931 spe
509 868 562 916 iam
575 868 701 931 praecipit
713 859 828 929 hostem,

145 959 230 1022 qualis
242 957 287 1005 ubi
299 957 414 1020 abruptis
427 957 493 1019 fugit
505 956 639 1020 praesepia
651 956 744 1004 vinclis

145 1047 250 1096 tandem
263 1045 329 1094 liber
340 1060 401 1094 ecus
415 1059 559 1108 campoque
571 1044 668 1107 potitus
682 1055 776 1108 aperto

146 1143 190 1183 aut
202 1135 247 1183 ille
259 1135 286 1182 in
300 1141 388 1197 pastus
402 1141 569 1196 armentaque
582 1133 663 1182 tendit
676 1148 808 1196 equarum

74 1228 125 1272 495
145 1231 190 1273 aut
202 1223 323 1272 adsuetus
336 1236 419 1285 aquae
432 1221 551 1285 perfundi
564 1221 668 1270 fluufiue
681 1231 746 1270 noto

146 1311 239 1361 emicet
251 1311 407 1373 arrectisque
420 1310 506 1359 fremit
518 1310 659 1358 cervicibus
672 1311 725 1359 alte

145 1400 289 1458 luxurians,
304 1399 448 1461 luduntque
460 1399 537 1447 iubae
548 1413 595 1461 per
608 1399 690 1456 colla,
706 1413 755 1462 per
768 1416 864 1452 armos.

145 1488 221 1536 obvia
234 1488 284 1547 cui,
299 1487 455 1536 Volscorum
469 1487 524 1536 acie
538 1487 684 1545 comitante,
702 1486 822 1541 Camilla
901 1536 906 1551 ,

146 1577 257 1626 occurrit
269 1576 401 1639 portisque
415 1575 446 1623 ab
461 1590 528 1637 equo
541 1575 631 1637 regina
643 1575 690 1622 sub
704 1576 771 1639 ipsis

76 1670 126 1714 500
146 1665 257 1723 desiluit,
274 1679 351 1726 quam
364 1669 418 1711 tota
431 1663 523 1711 cohors
536 1664 637 1711 imitata
648 1664 746 1713 relictis

146 1755 178 1802 ad
192 1761 285 1803 terram
299 1753 405 1800 defluxit
418 1753 505 1814 equis:
526 1760 580 1799 tum
594 1752 656 1800 talia
668 1752 747 1800 fatur.

141 1833 248 1900 ‘Turne
264 1841 302 1888 sui
316 1840 407 1888 merito
420 1841 495 1902 siqua
508 1847 546 1888 est
558 1840 653 1887 fiducia
665 1840 735 1899 forti,

144 1931 227 1979 audeo
241 1936 266 1977 et
278 1928 431 1976 Aeneadum
443 1929 565 1990 promitto
580 1943 714 1978 occurrere
726 1938 832 1983 turmae

144 2019 252 2079 solaque
264 2016 411 2078 Tyrrhenos
425 2017 523 2078 equites
537 2017 573 2065 ire
587 2017 662 2064 obiia
675 2027 779 2068 contra.

75 2111 125 2155 505
144 2120 185 2154 me
198 2105 253 2153 sine
266 2105 350 2167 prima
362 2119 440 2152 manu
453 2111 577 2167 temptare
590 2106 706 2167 pericula
718 2106 796 2168 belli,

144 2201 171 2240 tu
183 2193 262 2255 pedes
276 2193 308 2241 ad
321 2207 409 2240 muros
422 2193 531 2240 subsiste
544 2200 569 2242 et
580 2193 684 2241 moenia
697 2191 795 2246 serva.’

144 2281 246 2329 Tamus
259 2281 291 2328 ad
306 2281 378 2338 baec,
398 2281 488 2328 oculos
503 2281 631 2330 horrenda
643 2283 669 2329 in
683 2283 787 2344 virgine
801 2289 876 2338 fixus.
898 2277 899 2291 ¹

139 2357 168 2416 ‘o
182 2369 259 2417 decus
272 2368 362 2417 Italiac
375 2369 456 2430 surgo,
473 2383 537 2431 quas
551 2370 636 2419 dicere
648 2378 736 2431 grates

141 2474 240 2527 quasve
253 2457 349 2509 referre
356 2456 462 2522 peremi
475 2458 521 2505 sed
530 2472 608 2517 nunc,
620 2466 659 2506 est
668 2460 761 2509 omnia
771 2467 878 2526 quaudo
893 2493 896 2535 l

55 2558 112 2605 510
135 2554 188 2608 iste
201 2555 314 2606 animus
328 2564 421 2616 supra,
433 2559 539 2594 mecum
546 2545 778 2606 pernicissimam.

128 2652 265 2714 Aeneas,
279 2655 313 2700 nt
325 2644 406 2694 fama
418 2637 503 2686 iidem
513 2629 642 2686 imumque
650 2633 788 2684 reporta-ua
