<?xml version="1.0" encoding="UTF-8"?>
<!DOCTYPE html PUBLIC "-//W3C//DTD XHTML 1.0 Transitional//EN"
    "http://www.w3.org/TR/xhtml1/DTD/xhtml1-transitional.dtd">
<html xmlns="http://www.w3.org/1999/xhtml" xml:lang="en" lang="en">
 <head>
  <title>
</title>
<meta http-equiv="Content-Type" content="text/html;charset=utf-8" />
  <meta name='ocr-system' content='tesseract 3.04.00' />
  <meta name='ocr-capabilities' content='ocr_page ocr_carea ocr_par ocr_line ocrx_word'/>
</head>
<body>
  <div class='ocr_page' id='page_1' title='image "./pvergiliusmaro01virggoog/pvergiliusmaro01virggoog_0537.png"; bbox 0 0 1816 2956; ppageno 0'>
   <div class='ocr_carea' id='block_1_1' title="bbox 73 160 625 212">
    <p class='ocr_par' dir='ltr' id='par_1_1' title="bbox 73 160 625 212">
     <span class='ocr_line' id='line_1_1' title="bbox 73 160 625 212; baseline -0.009 0"><span class='ocrx_word' id='word_1_1' title='bbox 73 160 133 212; x_wconf 80' lang='lat' dir='ltr'>tit</span> <span class='ocrx_word' id='word_1_2' title='bbox 309 167 335 208; x_wconf 80' lang='lat' dir='ltr'>r.</span> <span class='ocrx_word' id='word_1_3' title='bbox 352 167 474 208; x_wconf 77' lang='lat' dir='ltr'>vunnim</span> <span class='ocrx_word' id='word_1_4' title='bbox 493 166 625 208; x_wconf 70' lang='lat' dir='ltr'>amoma</span> 
     </span>
    </p>
   </div>
   <div class='ocr_carea' id='block_1_2' title="bbox 68 323 866 1452">
    <p class='ocr_par' dir='ltr' id='par_1_2' title="bbox 70 323 866 742">
     <span class='ocr_line' id='line_1_2' title="bbox 70 323 850 389; baseline 0 -13"><span class='ocrx_word' id='word_1_5' title='bbox 70 333 120 376; x_wconf 83' lang='grc'>835</span> <span class='ocrx_word' id='word_1_6' title='bbox 141 333 219 389; x_wconf 87' lang='lat' dir='ltr'>utque</span> <span class='ocrx_word' id='word_1_7' title='bbox 232 333 271 374; x_wconf 85' lang='lat' dir='ltr'>est</span> <span class='ocrx_word' id='word_1_8' title='bbox 282 338 378 373; x_wconf 89' lang='lat' dir='ltr'>nomen</span> <span class='ocrx_word' id='word_1_9' title='bbox 391 324 455 384; x_wconf 81' lang='lat' dir='ltr'>erit3</span> <span class='ocrx_word' id='word_1_10' title='bbox 475 323 609 373; x_wconf 87' lang='lat' dir='ltr'>commixti</span> <span class='ocrx_word' id='word_1_11' title='bbox 622 339 738 388; x_wconf 88' lang='lat' dir='ltr'>corpore</span> <span class='ocrx_word' id='word_1_12' title='bbox 751 333 850 376; x_wconf 82' lang='lat' dir='ltr'>tantum</span> 
     </span>
     <span class='ocr_line' id='line_1_3' title="bbox 140 412 795 475; baseline 0.002 -12"><span class='ocrx_word' id='word_1_13' title='bbox 140 414 273 463; x_wconf 78' lang='lat' dir='ltr'>subsident</span> <span class='ocrx_word' id='word_1_14' title='bbox 285 413 387 461; x_wconf 86' lang='lat' dir='ltr'>Teucri.</span> <span class='ocrx_word' id='word_1_15' title='bbox 414 426 513 461; x_wconf 90' lang='lat' dir='ltr'>morem</span> <span class='ocrx_word' id='word_1_16' title='bbox 525 412 642 475; x_wconf 87' lang='lat' dir='ltr'>ritusque</span> <span class='ocrx_word' id='word_1_17' title='bbox 654 429 795 464; x_wconf 87' lang='lat' dir='ltr'>sacrorum</span> 
     </span>
     <span class='ocr_line' id='line_1_4' title="bbox 139 501 767 563; baseline 0.003 -12"><span class='ocrx_word' id='word_1_18' title='bbox 139 502 251 552; x_wconf 80' lang='lat' dir='ltr'>adiciam</span> <span class='ocrx_word' id='word_1_19' title='bbox 264 501 410 563; x_wconf 86' lang='lat' dir='ltr'>faciamque</span> <span class='ocrx_word' id='word_1_20' title='bbox 423 501 507 548; x_wconf 88' lang='lat' dir='ltr'>omnis</span> <span class='ocrx_word' id='word_1_21' title='bbox 520 515 572 548; x_wconf 89' lang='lat' dir='ltr'>uno</span> <span class='ocrx_word' id='word_1_22' title='bbox 585 515 629 550; x_wconf 90' lang='lat' dir='ltr'>ore</span> <span class='ocrx_word' id='word_1_23' title='bbox 642 502 767 553; x_wconf 86' lang='lat' dir='ltr'>Latinos.</span> 
     </span>
     <span class='ocr_line' id='line_1_5' title="bbox 139 590 866 656; baseline 0.007 -18"><span class='ocrx_word' id='word_1_24' title='bbox 139 591 201 638; x_wconf 92' lang='lat' dir='ltr'>hinc</span> <span class='ocrx_word' id='word_1_25' title='bbox 213 605 294 651; x_wconf 81' lang='lat' dir='ltr'>genua</span> <span class='ocrx_word' id='word_1_26' title='bbox 301 590 419 637; x_wconf 87' lang='lat' dir='ltr'>Ausonio</span> <span class='ocrx_word' id='word_1_27' title='bbox 433 590 542 639; x_wconf 88' lang='lat' dir='ltr'>mixtum</span> <span class='ocrx_word' id='word_1_28' title='bbox 552 591 621 653; x_wconf 89' lang='lat' dir='ltr'>quod</span> <span class='ocrx_word' id='word_1_29' title='bbox 632 593 769 652; x_wconf 87' lang='lat' dir='ltr'>sanguine</span> <span class='ocrx_word' id='word_1_30' title='bbox 778 599 866 656; x_wconf 65' lang='lat' dir='ltr'>surget,</span> 
     </span>
     <span class='ocr_line' id='line_1_6' title="bbox 139 679 801 742; baseline 0.009 -17"><span class='ocrx_word' id='word_1_31' title='bbox 139 695 217 742; x_wconf 87' lang='lat' dir='ltr'>snpra</span> <span class='ocrx_word' id='word_1_32' title='bbox 230 679 356 736; x_wconf 90' lang='lat' dir='ltr'>homines,</span> <span class='ocrx_word' id='word_1_33' title='bbox 371 693 449 740; x_wconf 85' lang='lat' dir='ltr'>supra</span> <span class='ocrx_word' id='word_1_34' title='bbox 461 679 499 727; x_wconf 93' lang='lat' dir='ltr'>ire</span> <span class='ocrx_word' id='word_1_35' title='bbox 512 679 573 727; x_wconf 89' lang='lat' dir='ltr'>deos</span> <span class='ocrx_word' id='word_1_36' title='bbox 586 679 682 741; x_wconf 82' lang='lat' dir='ltr'>pietate</span> <span class='ocrx_word' id='word_1_37' title='bbox 696 680 801 731; x_wconf 89' lang='lat' dir='ltr'>videbis</span> 
     </span>
    </p>

    <p class='ocr_par' dir='ltr' id='par_1_3' title="bbox 70 763 800 1008">
     <span class='ocr_line' id='line_1_7' title="bbox 70 763 800 830; baseline 0.004 -13"><span class='ocrx_word' id='word_1_38' title='bbox 70 774 120 817; x_wconf 78' lang='lat'>840</span> <span class='ocrx_word' id='word_1_39' title='bbox 139 783 187 817; x_wconf 89' lang='lat' dir='ltr'>nec</span> <span class='ocrx_word' id='word_1_40' title='bbox 199 782 263 829; x_wconf 82' lang='lat' dir='ltr'>gens</span> <span class='ocrx_word' id='word_1_41' title='bbox 276 768 330 816; x_wconf 83' lang='lat' dir='ltr'>ulla</span> <span class='ocrx_word' id='word_1_42' title='bbox 343 774 401 814; x_wconf 88' lang='lat' dir='ltr'>tuos</span> <span class='ocrx_word' id='word_1_43' title='bbox 414 782 496 830; x_wconf 88' lang='lat' dir='ltr'>aeque</span> <span class='ocrx_word' id='word_1_44' title='bbox 509 767 649 816; x_wconf 79' lang='lat' dir='ltr'>celebrabit</span> <span class='ocrx_word' id='word_1_45' title='bbox 662 763 800 820; x_wconf 87' lang='lat' dir='ltr'>honores.’</span> 
     </span>
     <span class='ocr_line' id='line_1_8' title="bbox 139 856 761 908; baseline 0.005 -3"><span class='ocrx_word' id='word_1_46' title='bbox 139 857 230 905; x_wconf 89' lang='lat' dir='ltr'>adnuit</span> <span class='ocrx_word' id='word_1_47' title='bbox 241 856 281 904; x_wconf 91' lang='lat' dir='ltr'>his</span> <span class='ocrx_word' id='word_1_48' title='bbox 294 856 360 903; x_wconf 91' lang='lat' dir='ltr'>Iuno</span> <span class='ocrx_word' id='word_1_49' title='bbox 373 863 399 904; x_wconf 91' lang='lat' dir='ltr'>et</span> <span class='ocrx_word' id='word_1_50' title='bbox 411 864 523 904; x_wconf 91' lang='lat' dir='ltr'>mentem</span> <span class='ocrx_word' id='word_1_51' title='bbox 535 857 631 904; x_wconf 85' lang='lat' dir='ltr'>laetata</span> <span class='ocrx_word' id='word_1_52' title='bbox 643 860 761 908; x_wconf 83' lang='lat' dir='ltr'>retorsit.</span> 
     </span>
     <span class='ocr_line' id='line_1_9' title="bbox 138 944 746 1008; baseline 0.005 -16"><span class='ocrx_word' id='word_1_53' title='bbox 138 946 237 994; x_wconf 86' lang='lat' dir='ltr'>interea</span> <span class='ocrx_word' id='word_1_54' title='bbox 249 945 351 993; x_wconf 89' lang='lat' dir='ltr'>excedit</span> <span class='ocrx_word' id='word_1_55' title='bbox 363 946 435 993; x_wconf 85' lang='lat' dir='ltr'>caelo</span> <span class='ocrx_word' id='word_1_56' title='bbox 449 944 595 1007; x_wconf 90' lang='lat' dir='ltr'>nubemque</span> <span class='ocrx_word' id='word_1_57' title='bbox 607 945 746 1008; x_wconf 79' lang='lat' dir='ltr'>relinquit.</span> 
     </span>
    </p>

    <p class='ocr_par' dir='ltr' id='par_1_4' title="bbox 138 1033 802 1186">
     <span class='ocr_line' id='line_1_10' title="bbox 174 1033 783 1096; baseline 0.003 -14"><span class='ocrx_word' id='word_1_58' title='bbox 174 1033 220 1082; x_wconf 86' lang='lat' dir='ltr'>His</span> <span class='ocrx_word' id='word_1_59' title='bbox 234 1035 297 1082; x_wconf 88' lang='lat' dir='ltr'>actis</span> <span class='ocrx_word' id='word_1_60' title='bbox 311 1034 381 1082; x_wconf 91' lang='lat' dir='ltr'>aliud</span> <span class='ocrx_word' id='word_1_61' title='bbox 395 1034 497 1095; x_wconf 82' lang='lat' dir='ltr'>genitor</span> <span class='ocrx_word' id='word_1_62' title='bbox 509 1049 595 1082; x_wconf 84' lang='lat' dir='ltr'>secum</span> <span class='ocrx_word' id='word_1_63' title='bbox 609 1034 664 1096; x_wconf 86' lang='lat' dir='ltr'>ipse</span> <span class='ocrx_word' id='word_1_64' title='bbox 676 1035 783 1084; x_wconf 83' lang='lat' dir='ltr'>volutat</span> 
     </span>
     <span class='ocr_line' id='line_1_11' title="bbox 138 1121 802 1186; baseline 0.006 -17"><span class='ocrx_word' id='word_1_65' title='bbox 138 1122 323 1186; x_wconf 82' lang='lat' dir='ltr'>Iuturnamque</span> <span class='ocrx_word' id='word_1_66' title='bbox 335 1130 410 1184; x_wconf 86' lang='lat' dir='ltr'>parat</span> <span class='ocrx_word' id='word_1_67' title='bbox 422 1122 507 1170; x_wconf 79' lang='lat' dir='ltr'>fratris</span> <span class='ocrx_word' id='word_1_68' title='bbox 520 1122 649 1170; x_wconf 88' lang='lat' dir='ltr'>dimittere</span> <span class='ocrx_word' id='word_1_69' title='bbox 662 1121 695 1170; x_wconf 92' lang='lat' dir='ltr'>ab</span> <span class='ocrx_word' id='word_1_70' title='bbox 710 1126 802 1173; x_wconf 89' lang='lat' dir='ltr'>armis.</span> 
     </span>
    </p>

    <p class='ocr_par' dir='ltr' id='par_1_5' title="bbox 68 1211 810 1452">
     <span class='ocr_line' id='line_1_12' title="bbox 68 1211 763 1274; baseline 0.003 -14"><span class='ocrx_word' id='word_1_71' title='bbox 68 1217 117 1260; x_wconf 76' lang='lat'>845</span> <span class='ocrx_word' id='word_1_72' title='bbox 139 1212 259 1260; x_wconf 89' lang='lat' dir='ltr'>dicuntur</span> <span class='ocrx_word' id='word_1_73' title='bbox 271 1212 390 1273; x_wconf 85' lang='lat' dir='ltr'>geminae</span> <span class='ocrx_word' id='word_1_74' title='bbox 403 1217 486 1274; x_wconf 86' lang='lat' dir='ltr'>pestes</span> <span class='ocrx_word' id='word_1_75' title='bbox 500 1211 656 1272; x_wconf 84' lang='lat' dir='ltr'>cognomine</span> <span class='ocrx_word' id='word_1_76' title='bbox 667 1211 763 1273; x_wconf 87' lang='lat' dir='ltr'>Dirae,</span> 
     </span>
     <span class='ocr_line' id='line_1_13' title="bbox 138 1299 810 1363; baseline 0.004 -15"><span class='ocrx_word' id='word_1_77' title='bbox 138 1316 201 1362; x_wconf 83' lang='lat' dir='ltr'>quaa</span> <span class='ocrx_word' id='word_1_78' title='bbox 216 1308 240 1349; x_wconf 92' lang='lat' dir='ltr'>et</span> <span class='ocrx_word' id='word_1_79' title='bbox 252 1301 403 1349; x_wconf 87' lang='lat' dir='ltr'>Tartaream</span> <span class='ocrx_word' id='word_1_80' title='bbox 415 1299 475 1348; x_wconf 85' lang='lat' dir='ltr'>Nox</span> <span class='ocrx_word' id='word_1_81' title='bbox 487 1300 641 1362; x_wconf 87' lang='lat' dir='ltr'>intempesta</span> <span class='ocrx_word' id='word_1_82' title='bbox 652 1300 810 1363; x_wconf 83' lang='lat' dir='ltr'>Megaeram</span> 
     </span>
     <span class='ocr_line' id='line_1_14' title="bbox 137 1388 803 1452; baseline 0.006 -16"><span class='ocrx_word' id='word_1_83' title='bbox 137 1404 189 1437; x_wconf 90' lang='lat' dir='ltr'>uno</span> <span class='ocrx_word' id='word_1_84' title='bbox 203 1390 345 1452; x_wconf 92' lang='lat' dir='ltr'>eodemque</span> <span class='ocrx_word' id='word_1_85' title='bbox 358 1389 416 1436; x_wconf 92' lang='lat' dir='ltr'>tulit</span> <span class='ocrx_word' id='word_1_86' title='bbox 428 1395 503 1451; x_wconf 87' lang='lat' dir='ltr'>partu</span> <span class='ocrx_word' id='word_1_87' title='bbox 516 1388 673 1452; x_wconf 83' lang='lat' dir='ltr'>paribusque</span> <span class='ocrx_word' id='word_1_88' title='bbox 686 1390 803 1440; x_wconf 80' lang='lat' dir='ltr'>revinxit</span> 
     </span>
    </p>
   </div>
   <div class='ocr_carea' id='block_1_3' title="bbox 137 1477 785 1631">
    <p class='ocr_par' dir='ltr' id='par_1_6' title="bbox 137 1477 785 1631">
     <span class='ocr_line' id='line_1_15' title="bbox 137 1477 751 1541; baseline 0.003 -16"><span class='ocrx_word' id='word_1_89' title='bbox 137 1487 283 1541; x_wconf 86' lang='lat' dir='ltr'>serpentum</span> <span class='ocrx_word' id='word_1_90' title='bbox 297 1478 372 1541; x_wconf 89' lang='lat' dir='ltr'>spiris</span> <span class='ocrx_word' id='word_1_91' title='bbox 385 1485 555 1540; x_wconf 88' lang='lat' dir='ltr'>ventosasque</span> <span class='ocrx_word' id='word_1_92' title='bbox 568 1477 669 1525; x_wconf 87' lang='lat' dir='ltr'>addidit</span> <span class='ocrx_word' id='word_1_93' title='bbox 682 1479 751 1527; x_wconf 88' lang='lat' dir='ltr'>alas.</span> 
     </span>
     <span class='ocr_line' id='line_1_16' title="bbox 137 1566 785 1631; baseline 0.006 -17"><span class='ocrx_word' id='word_1_94' title='bbox 137 1567 186 1615; x_wconf 93' lang='lat' dir='ltr'>hae</span> <span class='ocrx_word' id='word_1_95' title='bbox 199 1567 265 1615; x_wconf 88' lang='lat' dir='ltr'>Iovis</span> <span class='ocrx_word' id='word_1_96' title='bbox 279 1567 311 1616; x_wconf 88' lang='lat' dir='ltr'>ad</span> <span class='ocrx_word' id='word_1_97' title='bbox 326 1567 419 1614; x_wconf 91' lang='lat' dir='ltr'>solium</span> <span class='ocrx_word' id='word_1_98' title='bbox 433 1567 553 1628; x_wconf 89' lang='lat' dir='ltr'>saevique</span> <span class='ocrx_word' id='word_1_99' title='bbox 566 1566 593 1613; x_wconf 88' lang='lat' dir='ltr'>iu</span> <span class='ocrx_word' id='word_1_100' title='bbox 607 1566 697 1614; x_wconf 92' lang='lat' dir='ltr'>limine</span> <span class='ocrx_word' id='word_1_101' title='bbox 711 1570 785 1631; x_wconf 85' lang='lat' dir='ltr'>regis</span> 
     </span>
    </p>
   </div>
   <div class='ocr_carea' id='block_1_4' title="bbox 62 1655 884 2695">
    <p class='ocr_par' dir='ltr' id='par_1_7' title="bbox 67 1655 841 2072">
     <span class='ocr_line' id='line_1_17' title="bbox 67 1655 809 1718; baseline 0.004 -15"><span class='ocrx_word' id='word_1_102' title='bbox 67 1661 117 1704; x_wconf 82' lang='lat'>850</span> <span class='ocrx_word' id='word_1_103' title='bbox 137 1657 263 1718; x_wconf 88' lang='lat' dir='ltr'>adparent</span> <span class='ocrx_word' id='word_1_104' title='bbox 276 1664 421 1717; x_wconf 85' lang='lat' dir='ltr'>acuuntque</span> <span class='ocrx_word' id='word_1_105' title='bbox 434 1663 529 1703; x_wconf 90' lang='lat' dir='ltr'>metum</span> <span class='ocrx_word' id='word_1_106' title='bbox 543 1655 695 1702; x_wconf 84' lang='lat' dir='ltr'>mortalibus</span> <span class='ocrx_word' id='word_1_107' title='bbox 710 1659 809 1718; x_wconf 79' lang='lat' dir='ltr'>aegris,</span> 
     </span>
     <span class='ocr_line' id='line_1_18' title="bbox 137 1743 841 1807; baseline 0.001 -15"><span class='ocrx_word' id='word_1_108' title='bbox 137 1746 264 1807; x_wconf 89' lang='lat' dir='ltr'>siquando</span> <span class='ocrx_word' id='word_1_109' title='bbox 278 1746 356 1792; x_wconf 89' lang='lat' dir='ltr'>letum</span> <span class='ocrx_word' id='word_1_110' title='bbox 370 1744 518 1791; x_wconf 83' lang='lat' dir='ltr'>horrificum</span> <span class='ocrx_word' id='word_1_111' title='bbox 532 1743 688 1805; x_wconf 89' lang='lat' dir='ltr'>morbosque</span> <span class='ocrx_word' id='word_1_112' title='bbox 701 1745 785 1794; x_wconf 87' lang='lat' dir='ltr'>deum</span> <span class='ocrx_word' id='word_1_113' title='bbox 798 1762 841 1795; x_wconf 80' lang='lat' dir='ltr'>rex</span> 
     </span>
     <span class='ocr_line' id='line_1_19' title="bbox 136 1832 720 1892; baseline -0.002 -11"><span class='ocrx_word' id='word_1_114' title='bbox 136 1835 250 1892; x_wconf 87' lang='lat' dir='ltr'>molitur,</span> <span class='ocrx_word' id='word_1_115' title='bbox 266 1834 369 1881; x_wconf 87' lang='lat' dir='ltr'>meritas</span> <span class='ocrx_word' id='word_1_116' title='bbox 383 1841 427 1880; x_wconf 89' lang='lat' dir='ltr'>aut</span> <span class='ocrx_word' id='word_1_117' title='bbox 439 1833 507 1880; x_wconf 88' lang='lat' dir='ltr'>bello</span> <span class='ocrx_word' id='word_1_118' title='bbox 522 1833 619 1880; x_wconf 84' lang='lat' dir='ltr'>territat</span> <span class='ocrx_word' id='word_1_119' title='bbox 632 1832 720 1880; x_wconf 91' lang='lat' dir='ltr'>urbes.</span> 
     </span>
     <span class='ocr_line' id='line_1_20' title="bbox 135 1921 837 1974; baseline 0.009 -6"><span class='ocrx_word' id='word_1_120' title='bbox 135 1922 226 1970; x_wconf 85' lang='lat' dir='ltr'>harum</span> <span class='ocrx_word' id='word_1_121' title='bbox 240 1937 318 1969; x_wconf 87' lang='lat' dir='ltr'>unam</span> <span class='ocrx_word' id='word_1_122' title='bbox 332 1923 440 1970; x_wconf 88' lang='lat' dir='ltr'>celerem</span> <span class='ocrx_word' id='word_1_123' title='bbox 455 1921 555 1968; x_wconf 91' lang='lat' dir='ltr'>demisit</span> <span class='ocrx_word' id='word_1_124' title='bbox 568 1921 600 1968; x_wconf 85' lang='lat' dir='ltr'>ab</span> <span class='ocrx_word' id='word_1_125' title='bbox 614 1921 718 1970; x_wconf 87' lang='lat' dir='ltr'>aethere</span> <span class='ocrx_word' id='word_1_126' title='bbox 733 1939 837 1974; x_wconf 89' lang='lat' dir='ltr'>summo</span> 
     </span>
     <span class='ocr_line' id='line_1_21' title="bbox 135 2010 814 2072; baseline 0.006 -16"><span class='ocrx_word' id='word_1_127' title='bbox 135 2010 251 2072; x_wconf 86' lang='lat' dir='ltr'>luppiter</span> <span class='ocrx_word' id='word_1_128' title='bbox 264 2010 341 2072; x_wconf 87' lang='lat' dir='ltr'>inque</span> <span class='ocrx_word' id='word_1_129' title='bbox 355 2025 431 2058; x_wconf 92' lang='lat' dir='ltr'>omen</span> <span class='ocrx_word' id='word_1_130' title='bbox 444 2010 565 2057; x_wconf 88' lang='lat' dir='ltr'>Iuturnae</span> <span class='ocrx_word' id='word_1_131' title='bbox 578 2025 713 2058; x_wconf 86' lang='lat' dir='ltr'>occurrere</span> <span class='ocrx_word' id='word_1_132' title='bbox 728 2013 814 2062; x_wconf 88' lang='lat' dir='ltr'>iussit.</span> 
     </span>
    </p>

    <p class='ocr_par' dir='ltr' id='par_1_8' title="bbox 65 2098 884 2518">
     <span class='ocr_line' id='line_1_22' title="bbox 65 2098 789 2161; baseline 0.007 -15"><span class='ocrx_word' id='word_1_133' title='bbox 65 2104 115 2147; x_wconf 81' lang='lat'>855</span> <span class='ocrx_word' id='word_1_134' title='bbox 136 2099 182 2146; x_wconf 91' lang='lat' dir='ltr'>illa</span> <span class='ocrx_word' id='word_1_135' title='bbox 194 2099 264 2145; x_wconf 84' lang='lat' dir='ltr'>volat</span> <span class='ocrx_word' id='word_1_136' title='bbox 277 2100 405 2161; x_wconf 87' lang='lat' dir='ltr'>celerique</span> <span class='ocrx_word' id='word_1_137' title='bbox 419 2100 451 2146; x_wconf 87' lang='lat' dir='ltr'>ad</span> <span class='ocrx_word' id='word_1_138' title='bbox 465 2107 558 2146; x_wconf 89' lang='lat' dir='ltr'>terram</span> <span class='ocrx_word' id='word_1_139' title='bbox 572 2098 673 2146; x_wconf 88' lang='lat' dir='ltr'>turbiue</span> <span class='ocrx_word' id='word_1_140' title='bbox 687 2100 789 2150; x_wconf 86' lang='lat' dir='ltr'>fertur:</span> 
     </span>
     <span class='ocr_line' id='line_1_23' title="bbox 135 2187 813 2253; baseline 0.012 -20"><span class='ocrx_word' id='word_1_141' title='bbox 135 2201 187 2233; x_wconf 89' lang='lat' dir='ltr'>uon</span> <span class='ocrx_word' id='word_1_142' title='bbox 200 2202 273 2235; x_wconf 85' lang='lat' dir='ltr'>secus</span> <span class='ocrx_word' id='word_1_143' title='bbox 288 2203 317 2235; x_wconf 89' lang='lat' dir='ltr'>ac</span> <span class='ocrx_word' id='word_1_144' title='bbox 331 2203 408 2236; x_wconf 86' lang='lat' dir='ltr'>nervo</span> <span class='ocrx_word' id='word_1_145' title='bbox 422 2203 467 2251; x_wconf 88' lang='lat' dir='ltr'>per</span> <span class='ocrx_word' id='word_1_146' title='bbox 479 2188 573 2235; x_wconf 90' lang='lat' dir='ltr'>nubem</span> <span class='ocrx_word' id='word_1_147' title='bbox 585 2187 690 2249; x_wconf 84' lang='lat' dir='ltr'>inpulsa</span> <span class='ocrx_word' id='word_1_148' title='bbox 703 2193 813 2253; x_wconf 83' lang='lat' dir='ltr'>sagitta,</span> 
     </span>
     <span class='ocr_line' id='line_1_24' title="bbox 135 2276 746 2339; baseline 0.008 -18"><span class='ocrx_word' id='word_1_149' title='bbox 135 2282 260 2322; x_wconf 84' lang='lat' dir='ltr'>armatum</span> <span class='ocrx_word' id='word_1_150' title='bbox 274 2278 341 2324; x_wconf 87' lang='lat' dir='ltr'>saevi</span> <span class='ocrx_word' id='word_1_151' title='bbox 355 2277 464 2325; x_wconf 86' lang='lat' dir='ltr'>Parthus</span> <span class='ocrx_word' id='word_1_152' title='bbox 478 2292 555 2339; x_wconf 86' lang='lat' dir='ltr'>qnam</span> <span class='ocrx_word' id='word_1_153' title='bbox 569 2276 628 2324; x_wconf 87' lang='lat' dir='ltr'>felle</span> <span class='ocrx_word' id='word_1_154' title='bbox 640 2280 746 2338; x_wconf 88' lang='lat' dir='ltr'>veneni,</span> 
     </span>
     <span class='ocr_line' id='line_1_25' title="bbox 135 2363 884 2426; baseline 0.011 -16"><span class='ocrx_word' id='word_1_155' title='bbox 135 2363 244 2410; x_wconf 89' lang='lat' dir='ltr'>Parthus</span> <span class='ocrx_word' id='word_1_156' title='bbox 258 2366 311 2412; x_wconf 82' lang='lat' dir='ltr'>sive</span> <span class='ocrx_word' id='word_1_157' title='bbox 325 2364 425 2426; x_wconf 72' lang='lat' dir='ltr'>Cydon,</span> <span class='ocrx_word' id='word_1_158' title='bbox 441 2366 520 2413; x_wconf 92' lang='lat' dir='ltr'>telum</span> <span class='ocrx_word' id='word_1_159' title='bbox 534 2365 727 2424; x_wconf 83' lang='lat' dir='ltr'>inmedicabile,</span> <span class='ocrx_word' id='word_1_160' title='bbox 746 2372 831 2423; x_wconf 77' lang='lat' dir='ltr'>torsit.</span> <span class='ocrx_word' id='word_1_161' title='bbox 879 2392 884 2411; x_wconf 70' lang='grc' dir='ltr'>ι</span> 
     </span>
     <span class='ocr_line' id='line_1_26' title="bbox 136 2452 796 2518; baseline 0.014 -21"><span class='ocrx_word' id='word_1_162' title='bbox 136 2452 245 2499; x_wconf 86' lang='lat' dir='ltr'>stridens</span> <span class='ocrx_word' id='word_1_163' title='bbox 259 2460 284 2499; x_wconf 90' lang='lat' dir='ltr'>et</span> <span class='ocrx_word' id='word_1_164' title='bbox 296 2454 385 2501; x_wconf 86' lang='lat' dir='ltr'>celeris</span> <span class='ocrx_word' id='word_1_165' title='bbox 399 2455 531 2515; x_wconf 85' lang='lat' dir='ltr'>incognita</span> <span class='ocrx_word' id='word_1_166' title='bbox 544 2454 655 2502; x_wconf 88' lang='lat' dir='ltr'>transilit</span> <span class='ocrx_word' id='word_1_167' title='bbox 668 2455 796 2518; x_wconf 80' lang='lat' dir='ltr'>umbras3</span> 
     </span>
    </p>

    <p class='ocr_par' dir='ltr' id='par_1_9' title="bbox 62 2541 860 2695">
     <span class='ocr_line' id='line_1_27' title="bbox 62 2541 720 2605; baseline 0.006 -18"><span class='ocrx_word' id='word_1_168' title='bbox 62 2544 112 2588; x_wconf 87' lang='grc'>860</span> <span class='ocrx_word' id='word_1_169' title='bbox 132 2541 190 2587; x_wconf 80' lang='lat' dir='ltr'>talis</span> <span class='ocrx_word' id='word_1_170' title='bbox 204 2555 230 2587; x_wconf 88' lang='lat' dir='ltr'>sc</span> <span class='ocrx_word' id='word_1_171' title='bbox 244 2549 300 2589; x_wconf 84' lang='lat' dir='ltr'>sata</span> <span class='ocrx_word' id='word_1_172' title='bbox 312 2541 393 2589; x_wconf 87' lang='lat' dir='ltr'>Nocte</span> <span class='ocrx_word' id='word_1_173' title='bbox 407 2543 465 2589; x_wconf 92' lang='lat' dir='ltr'>tulit</span> <span class='ocrx_word' id='word_1_174' title='bbox 477 2550 608 2605; x_wconf 86' lang='lat' dir='ltr'>terrasque</span> <span class='ocrx_word' id='word_1_175' title='bbox 621 2543 720 2605; x_wconf 77' lang='lat' dir='ltr'>petivit.</span> 
     </span>
     <span class='ocr_line' id='line_1_28' title="bbox 132 2630 860 2695; baseline 0.012 -19"><span class='ocrx_word' id='word_1_176' title='bbox 132 2637 269 2692; x_wconf 85' lang='lat' dir='ltr'>postquam</span> <span class='ocrx_word' id='word_1_177' title='bbox 287 2630 354 2679; x_wconf 87' lang='lat' dir='ltr'>acies</span> <span class='ocrx_word' id='word_1_178' title='bbox 372 2630 440 2678; x_wconf 89' lang='lat' dir='ltr'>videt</span> <span class='ocrx_word' id='word_1_179' title='bbox 452 2630 546 2681; x_wconf 87' lang='lat' dir='ltr'>Iliacas</span> <span class='ocrx_word' id='word_1_180' title='bbox 560 2638 636 2695; x_wconf 83' lang='lat' dir='ltr'>atque</span> <span class='ocrx_word' id='word_1_181' title='bbox 649 2633 760 2693; x_wconf 84' lang='lat' dir='ltr'>agmina</span> <span class='ocrx_word' id='word_1_182' title='bbox 773 2637 860 2686; x_wconf 84' lang='lat' dir='ltr'>Turni.</span> 
     </span>
    </p>
   </div>
   <div class='ocr_carea' id='block_1_5' title="bbox 0 0 912 2956">
    <p class='ocr_par' dir='ltr' id='par_1_10' title="bbox 0 0 912 2956">
     <span class='ocr_line' id='line_1_29' title="bbox 0 0 912 2956; baseline 0 1"><span class='ocrx_word' id='word_1_183' title='bbox 0 0 912 2956; x_wconf 95' lang='lat' dir='ltr'> </span> 
     </span>
    </p>
   </div>
  </div>
 </body>
</html>
