1816 2956
252 195 420 236 enoaoicon
438 196 526 235 ursos
542 196 573 235 n.
773 188 786 233 7
795 186 812 235 9

82 354 227 418 agricolas!
251 353 344 416 quibus
363 354 428 416 ipsa,
444 353 534 416 procul
549 353 710 401 discordibus
724 353 812 412 armis,

37 450 63 494 to
81 443 168 493 fundit
180 443 260 491 humo
274 443 377 491 facilem
389 442 484 490 victum
496 442 636 490 iustissima
648 443 734 490 tellus.

83 534 104 582 si
117 547 171 581 non
184 533 316 594 ingentem
329 531 428 579 toribus
441 532 533 579 domus
546 533 600 580 alta
613 531 728 594 superbis

81 637 159 671 mane
172 621 330 669 salutantum
344 620 404 668 totis
416 621 497 668 vomit
509 621 615 668 aedibus
629 622 734 681 undam,

82 727 132 761 nec
144 711 229 759 varios
241 709 343 758 inhiant
355 709 464 772 pulchra
476 710 604 758 testudine
620 718 705 773 postes

81 801 233 862 inlusasque
247 814 309 847 auro
322 806 404 847 vestes
417 798 597 862 Ephyreiaque
611 814 679 858 aera,

37 896 61 939 35
82 889 144 939 alba
155 903 241 951 neque
255 888 360 950 Assyrio
373 888 475 936 fucatur
487 888 548 936 lana
560 903 658 937 veneno

81 994 131 1028 nec
144 978 215 1026 casia
227 977 319 1040 liquidi
333 978 505 1040 corrumpitur
518 992 578 1025 usus
592 977 663 1036 olivi,

82 1076 110 1116 at
121 1081 214 1116 secura
227 1066 300 1129 quies
313 1073 339 1114 et
351 1066 439 1114 nescia
452 1066 541 1115 fallere
553 1067 614 1126 vita,

82 1157 153 1206 dives
167 1170 246 1218 opum
258 1155 396 1214 variarum,
413 1163 439 1202 at
452 1156 510 1204 latis
524 1156 577 1204 otia
589 1155 685 1214 fundis,

82 1246 223 1309 speluncae
236 1245 336 1307 vivique
349 1246 430 1303 lacus,
446 1253 473 1292 at
485 1245 579 1307 frigida
592 1252 676 1307 tempe

37 1341 62 1384 lo
82 1334 249 1397 mugitusque
262 1318 340 1382 boum
353 1335 497 1398 mollesque
509 1334 556 1381 sub
570 1333 661 1382 arbore
674 1333 758 1381 somni

81 1438 138 1473 non
150 1423 257 1471 absunt:
278 1422 333 1472 illic
346 1425 427 1472 saltus
440 1438 470 1471 ac
484 1424 564 1470 lustra
577 1422 688 1470 ferarum

82 1520 109 1562 et
121 1511 221 1575 patiens
235 1526 342 1574 operum
355 1512 501 1574 exiguoque
514 1512 622 1559 adsueta
634 1512 761 1570 iuventus,

82 1616 159 1651 sacra
171 1601 248 1649 deum
261 1601 394 1664 sanctique
407 1607 492 1663 patres
503 1617 509 1660 3
530 1608 644 1649 extrema
657 1615 703 1663 per
715 1601 777 1648 illos

82 1690 187 1739 Iustitia
199 1690 325 1739 excedens
339 1689 413 1737 terris
425 1689 534 1751 vestigio
546 1690 614 1738 fecit.

37 1786 62 1829 l5
120 1779 164 1828 Me
176 1792 236 1827 vero
249 1779 361 1841 primum
373 1779 462 1827 dulces
476 1786 535 1827 ante
548 1779 636 1827 omnia
649 1792 745 1837 musae,

84 1883 194 1932 quarum
206 1883 279 1916 sacra
292 1866 345 1915 lero
358 1868 457 1929 ingenti
470 1882 606 1930 percussus
619 1882 715 1927 amore,

83 1957 214 2020 accipiant
226 1956 344 2018 caelique
356 1956 409 2004 vias
423 1964 449 2004 et
460 1957 545 2005 sidera
557 1964 709 2016 monstrent,

83 2046 198 2095 deiectus
211 2046 274 2094 solis
287 2045 371 2093 varios
385 2046 514 2109 lunaeque
526 2047 644 2107 labores3

82 2136 153 2184 unde
165 2141 261 2184 tremor
273 2134 355 2193 torris,
371 2149 423 2197 qua
435 2136 458 2182 vi
472 2137 554 2184 maria
567 2138 620 2185 alta
632 2143 777 2185 tumescant

37 2231 63 2276 30
83 2224 201 2274 obicibus
214 2225 296 2287 ruptis
309 2239 448 2286 rursusque
461 2226 488 2273 in
501 2240 528 2274 se
540 2226 597 2288 ipsa
609 2226 732 2285 residant,
800 2229 801 2232 ’

83 2314 147 2380 quid
160 2320 260 2363 tantum
274 2313 380 2364 Oceano
393 2322 531 2378 properent
542 2329 569 2362 se
582 2315 698 2376 tinguere
711 2315 781 2362 soles

82 2402 186 2453 hiberni
198 2404 238 2452 vel
251 2418 319 2466 quae
331 2404 411 2452 tardis
424 2419 497 2452 mora
509 2403 627 2453 noctibus
641 2403 733 2451 obstet.

82 2494 124 2542 sin
137 2491 184 2540 has
198 2507 230 2541 ne
241 2493 339 2556 possim
352 2501 459 2544 naturae
472 2494 598 2546 accedere
610 2502 704 2561 partes

75 2580 186 2638 algidus
197 2580 327 2630 obstiterit
339 2582 440 2635 circum
453 2589 625 2653 praecordia
638 2585 770 2651 sanguis,

37 2669 42 2700 ῑ
57 2677 120 2709 mta
133 2663 198 2710 milri
209 2675 237 2714 et
246 2668 320 2731 rigui
328 2675 469 2736 placeant
482 2683 513 2733 in
528 2683 661 2735 vallibus
675 2689 797 2732 amnes,
