1816 2956
151 204 177 243 P.
194 203 282 244 vene.
297 202 372 242 usn.
391 199 561 241 osnucrcou
578 201 667 240 erese
683 202 723 242 1v.
775 191 833 239 10⁷

109 361 223 409 decutiat
235 375 320 408 rorem
333 367 358 408 et
371 359 498 421 surgentis
512 365 605 407 atterat
617 358 719 407 herbas.

109 448 195 498 absint
208 457 232 497 et
245 449 307 512 picti
320 448 467 511 squalentia
480 455 553 509 terga
565 448 654 496 lacerti

108 538 248 601 pinguibus
259 538 291 587 ab
302 537 412 585 stabulis
419 551 588 600 meropesque
594 538 714 600 aliaeque
721 537 838 585 volucres

56 632 88 674 15
109 633 135 675 et
146 627 265 675 manibus
278 626 378 674 Procne
390 632 478 688 pectus
492 626 595 687 signata
607 627 734 675 cruentis:

110 716 198 764 omnia
211 730 272 763 nam
285 716 337 764 lnte
351 721 453 763 vastant
465 715 585 777 ipsasque
597 715 708 763 volantis

110 818 154 852 ore
167 803 252 852 ferunt
265 805 367 853 dulcem
380 804 447 851 nidis
461 803 593 851 inmitibus
607 818 701 852 escam.

110 900 137 940 nt
150 893 242 955 liquidi
255 893 339 941 sontes
352 899 377 942 et
390 900 482 953 stagna
494 892 603 941 virentia
615 907 703 941 musco

109 981 197 1029 adsint
209 989 234 1028 et
246 982 330 1029 tenuis
343 981 444 1043 fugiens
458 995 504 1043 per
515 982 636 1042 gramina
648 982 725 1039 rivos,

55 1075 90 1118 20
110 1070 249 1133 palmaque
260 1069 414 1118 vestibulum
426 1077 471 1118 aut
481 1071 572 1131 ingens
583 1069 837 1128 oleastcrinnmbret‚

110 1166 147 1217 nt,
164 1174 222 1207 cum
235 1160 318 1221 prima
331 1160 390 1206 novi
404 1159 499 1207 ducent
511 1159 633 1208 examina
644 1173 716 1220 reges

110 1262 168 1295 vere
181 1262 228 1294 suo
241 1248 363 1310 ludetque
376 1248 440 1296 isvis
453 1249 547 1297 emissa
559 1249 685 1305 iuventus,

111 1336 197 1384 ticine
209 1336 298 1384 invitet
311 1337 433 1385 decedere
446 1337 504 1399 ripn
517 1337 596 1385 calori

111 1424 239 1487 obviaque
252 1425 371 1487 hospitiis
384 1432 470 1474 teneat
481 1424 660 1473 frondentibus
674 1424 759 1473 arbos.

56 1519 90 1561 25
111 1514 138 1560 in
151 1513 274 1572 medium,
291 1528 335 1562 seu
349 1514 427 1561 stabit
439 1514 507 1561 iners
520 1528 565 1562 seu
578 1514 687 1576 profluet
701 1528 783 1572 umor,

111 1610 267 1650 transversas
280 1603 372 1650 salices
385 1610 411 1651 et
422 1603 532 1664 grandia
545 1602 635 1650 conice
647 1615 719 1659 saxa,

110 1690 232 1753 pontibus
247 1697 274 1738 ut
287 1691 381 1739 crebris
395 1691 495 1753 possint
508 1691 645 1738 consistere
659 1698 684 1739 et
697 1691 752 1739 alas

110 1779 224 1842 paudere
237 1781 270 1828 ad
284 1780 408 1828 aestivom
421 1780 511 1838 solem,
526 1780 547 1826 si
561 1779 626 1827 forte
639 1778 763 1827 morantis

110 1868 232 1931 sparserit
245 1875 289 1918 aut
301 1883 424 1932 praeceps
437 1868 557 1930 Neptuno
571 1867 715 1916 inmerserit
727 1874 814 1917 eurus.¹

54 1962 91 2006 30
111 1956 177 2004 haec
190 1957 286 2005 circum
300 1957 385 2006 casiae
397 1957 490 2004 virides
505 1963 529 2005 et
542 1957 639 2005 olentia
652 1956 703 2004 late

111 2046 225 2108 serpulla
238 2053 263 2095 et
275 2047 386 2107 graviter
398 2046 518 2108 spirantis
532 2045 608 2107 copia
621 2045 754 2107 thymbrae

110 2133 202 2182 floreat
213 2134 397 2196 insignemque
410 2134 500 2182 bibant
511 2134 620 2182 violaria
632 2133 738 2182 fontem.

109 2223 168 2286 ipsa
180 2230 275 2281 autem,
290 2237 335 2271 seu
350 2223 487 2272 corticibus
500 2223 546 2270 tibi
560 2229 618 2271 sutn
630 2223 726 2271 cavatis

110 2325 156 2359 seu
169 2311 238 2360 leuto
251 2311 348 2360 fuerint
361 2312 473 2360 alvearia
484 2312 578 2360 vimine
591 2319 669 2371 texta,

53 2405 90 2463 35
111 2407 235 2462 angustos
248 2399 362 2448 habeant
375 2401 475 2448 aditus:
496 2414 557 2449 nam
570 2401 665 2462 frigore
678 2402 756 2449 mella

110 2489 181 2550 cogit
193 2489 275 2538 hiems
288 2490 429 2552 eademque
443 2489 515 2537 calor
527 2489 667 2553 liquefacta
679 2489 793 2538 remittit.

110 2583 220 2640 utraque
232 2578 269 2625 vis
283 2578 374 2641 apibus
388 2578 483 2641 pariter
495 2578 641 2637 metuendo,
656 2592 741 2641 neque
753 2577 814 2625 illae

109 2665 268 2729 nequiquam
281 2667 307 2714 in
322 2666 394 2715 tectis
408 2666 524 2716 certatim
536 2665 629 2717 tenuis
642 2680 705 2716 cera
