1816 2956
269 202 418 242 sarsinas
444 204 530 243 traua
546 205 588 243 111.
766 195 828 244 202

101 368 127 409 et
138 359 229 422 positis
243 359 293 407 aris
306 360 358 407 iam
371 368 430 407 vote
443 360 469 407 iu
483 361 558 408 litere
571 361 663 419 solves,

49 454 81 499 05
101 463 230 512 purpureo
243 448 328 496 velare
342 463 428 496 comas
442 450 579 511 adopertus
593 450 698 508 amictu,

101 552 188 601 nequa
200 537 266 585 inter
279 544 381 585 sanctos
394 537 461 598 ignis
475 537 501 584 in
514 537 613 586 honore
627 539 735 586 deerunt

101 626 202 674 hostilis
215 626 294 674 facies
308 633 426 673 occurrat
439 633 464 674 ct
476 627 564 674 omina
577 626 669 675 turbet.

101 715 171 765 hanc
183 715 246 764 socii
260 729 358 762 morem
371 729 512 773 sacrorum,
528 715 597 763 huuc
610 716 664 778 ipse
677 723 775 776 teneto,

103 804 152 853 hae
166 804 228 853 casti
242 811 364 850 maneant
376 803 404 850 in
417 803 543 864 religione
555 811 672 866 nepotes.

50 897 82 941 10
103 900 143 942 ast
155 892 199 939 ubi
213 892 356 953 digressum
371 889 474 939 Siculae
488 901 512 939 te
525 893 667 940 admoverit
680 908 741 942 orae

101 988 190 1030 ventus
205 988 230 1028 et
243 980 345 1042 angusti
358 988 488 1028 rarescent
501 983 613 1028 claustra
624 981 721 1041 Pelori,

102 1069 176 1118 laeva
189 1069 234 1117 tibi
248 1070 325 1117 tellus
338 1077 364 1117 et
376 1070 456 1130 longo
471 1069 543 1116 laeva
556 1075 676 1131 petantur

102 1173 217 1221 aequora
230 1158 354 1216 circuitu3
376 1158 494 1205 dextrum
507 1158 567 1218 suge
580 1158 640 1205 litus
654 1164 679 1206 et
691 1159 785 1206 undas.

103 1248 166 1295 haec
179 1247 238 1294 loca
250 1246 275 1293 vi
288 1246 421 1308 quondam
434 1253 459 1294 et
470 1254 542 1294 vasta
555 1247 678 1294 convolsa
690 1247 767 1294 ruina

51 1340 81 1384 15
103 1334 215 1398 (tantum
229 1335 283 1383 aevi
297 1335 442 1397 longinqua
454 1335 522 1382 valet
535 1342 634 1383 mutare
647 1335 771 1398 vetustas)

103 1424 244 1472 dissiluisse
258 1423 351 1481 ferunt,
368 1438 427 1471 cum
440 1423 556 1486 protinus
569 1431 678 1486 utraque
691 1424 768 1473 tellus

103 1527 156 1561 una
168 1513 250 1572 foret3
270 1513 340 1560 venit
352 1512 437 1560 medio
451 1512 474 1559 vi
488 1519 582 1574 pontus
596 1519 621 1560 et
633 1513 709 1560 undis

103 1601 257 1664 Hesperium
271 1600 359 1650 Siculo
380 1602 447 1649 latns
461 1600 571 1648 abscidit
588 1615 700 1664 arvaque
717 1609 743 1650 et
755 1601 835 1650 urbes

103 1691 177 1739 litore
191 1691 309 1738 diductas
323 1697 433 1751 augusto
447 1690 564 1738 interluit
576 1698 658 1738 aestu.

49 1783 84 1828 20
103 1779 221 1828 dextrum
234 1778 323 1842 Scylla
335 1779 411 1834 latus,
427 1779 528 1826 laevom
540 1779 674 1841 inplacata
687 1777 834 1843 Charybdis

104 1867 206 1916 obsidet
218 1875 295 1930 atque
307 1868 360 1914 imo
374 1867 488 1914 barathri
502 1874 540 1915 ter
552 1868 654 1929 gurgite
668 1876 754 1917 vastos

104 1956 191 2004 sorbet
203 1957 230 2003 in
244 1956 382 2019 abruptum
394 1956 486 2004 fluctus
500 1970 639 2018 rursusque
652 1956 698 2004 sub
714 1952 791 2005 auras

104 2045 180 2106 erigit
192 2046 305 2094 alternos
320 2052 344 2093 et
357 2045 442 2093 sidera
454 2044 572 2093 verberat
584 2045 662 2092 unda.

104 2141 131 2183 at
143 2132 258 2196 Scyllam
272 2134 354 2183 caecis
368 2133 471 2182 cohibet
483 2135 608 2197 spelunca
620 2135 734 2193 latebris,

50 2227 84 2270 25
104 2237 151 2270 ora
164 2229 323 2271 exortantem
337 2231 362 2271 et
374 2223 445 2270 navis
459 2223 485 2269 iu
499 2237 562 2270 saxa
575 2224 727 2272 trahentem.

104 2311 188 2373 prima
201 2311 313 2358 hominis
327 2311 405 2359 iacies
419 2317 443 2358 et
456 2311 564 2373 pulchro
577 2320 681 2374 pectora
693 2313 766 2373 virgo

104 2399 268 2462 pubetenus,
283 2407 413 2462 postrema
426 2399 524 2447 inmani
539 2415 645 2463 corpore
659 2400 761 2463 pistrix,

104 2489 256 2551 delphinum
270 2489 365 2537 caudas
379 2495 451 2536 utero
466 2489 603 2537 commissa
616 2489 746 2552 luporum.

104 2584 218 2640 praestat
230 2578 357 2626 Trinacrii
371 2585 452 2626 metas
465 2579 574 2628 lustrare
588 2577 702 2639 Pachyni

50 2672 84 2716 30
105 2673 256 2727 cessantem,
272 2668 365 2729 longos
379 2673 403 2716 et
416 2667 621 2718 circumflectere
634 2680 743 2724 cursus,
840 2676 855 2793 1
