1816 2956
296 221 444 261 nuunmos
466 222 554 262 ursan
571 223 611 262 vr.
791 214 850 264 299

126 379 152 425 hi
167 379 299 426 dominam
311 379 379 426 Ditis
393 379 509 426 thalamo
523 379 649 428 deducere
663 381 745 428 adorti
750 373 768 427 .’

126 483 192 530 quae
206 475 297 516 eontra
308 467 418 516 breviter
431 467 484 515 iata
496 476 534 516 est
546 469 703 531 Amphrysia
715 477 784 518 vates

126 557 224 605 ‘nullae
237 557 280 604 hic
292 556 402 604 insidiae
416 557 479 605 tales
493 556 599 620 (absiste
610 559 729 619 moveri).

56 650 107 691 400
127 659 174 693 nec
187 646 237 692 vim
251 646 302 694 tela
315 645 414 704 seruum
434 645 495 694 licet
506 646 599 707 ingens
611 646 707 694 ianitor
720 655 794 695 antro

127 741 258 782 aeternum
272 734 369 781 latrans
383 735 507 796 exanguis
521 742 615 783 terreat
627 735 740 792 umbras,

127 830 198 870 easta
210 823 271 870 licet
283 823 367 885 patrui
381 831 463 871 servet
475 823 631 886 Proserpina
644 823 732 871 limen.

127 911 220 958 Troius
232 913 343 969 Aeneas,
359 912 454 974 pietate
468 912 576 973 insignis
590 913 714 970 clamis,

127 999 159 1045 ad
172 999 315 1059 genitorem
328 1000 393 1047 imas
405 999 482 1048 Erebi
496 1000 629 1049 deseendit
642 1000 674 1047 ad
689 1000 801 1048 umbras.

56 1092 106 1134 405
127 1087 148 1133 si
161 1094 185 1135 te
200 1088 272 1135 nulla
284 1097 368 1136 movet
381 1095 467 1136 tantae
479 1089 582 1151 pietatis
595 1089 691 1150 imago,

128 1184 154 1223 at
166 1191 265 1223 ramum
279 1169 355 1225 hunc'
368 1176 463 1240 (aperit
479 1192 580 1225 ramum
598 1177 641 1239 qui
659 1184 727 1226 veste
744 1177 853 1239 latebat)

124 1255 299 1326 ‘adgnoscas'
324 1266 424 1314 tumida
437 1280 469 1314 ex
481 1266 520 1313 ira
532 1273 585 1313 tum
600 1267 679 1314 eorda
691 1266 815 1314 residant.

127 1369 174 1402 nec
187 1356 263 1417 plura
276 1355 324 1402 his.
352 1355 397 1403 ille
411 1355 541 1402 admirans
555 1354 701 1403 venerabile
714 1355 812 1402 donum
895 1401 899 1407 ,

127 1444 212 1491 fatalis
225 1444 321 1506 virgae,
336 1443 417 1504 longo
430 1452 489 1507 post
502 1451 616 1506 tempore
629 1443 720 1501 visum,

57 1537 107 1579 410
127 1532 273 1580 caeruleam
287 1533 395 1581 advertit
408 1533 515 1596 puppim
528 1533 651 1595 ripaeque
663 1532 829 1594 propinquat.

127 1621 187 1668 inde
201 1621 265 1669 alias
278 1622 391 1680 animas,
413 1636 480 1684 quae
493 1636 538 1684 per
550 1621 613 1682 iuga
626 1621 706 1682 longa
718 1620 851 1679 sedebant,

128 1709 246 1756 deturbat
259 1710 381 1772 laxatque
395 1709 480 1770 foros3
501 1710 578 1757 simul
592 1709 686 1773 accipit
699 1710 771 1758 alveo

127 1797 258 1857 ingentem
271 1798 387 1846 Aenean.
415 1799 513 1860 gemuit
525 1798 571 1845 sub
586 1799 700 1860 pondere
714 1798 807 1848 cumba

127 1886 210 1932 sutilis
224 1894 249 1933 et
261 1887 369 1934 multam
382 1887 482 1949 aceepit
493 1887 589 1934 rimosa
602 1887 733 1949 paludem.

56 1979 105 2020 415
127 1975 232 2021 tandem
251 1982 321 2021 trans
340 1974 445 2022 fluvium
458 1975 595 2023 incolumis
612 1984 748 2038 vatemque
760 1976 855 2023 virum-

429 2078 479 2125 que

127 2150 230 2198 informi
245 2151 306 2198 limo
319 2152 465 2214 glaucaque
478 2153 585 2215 exponit
596 2152 624 2199 in
638 2153 706 2200 ulva.

164 2239 289 2289 Cerberus
303 2240 367 2289 haec
380 2241 471 2302 ingens
485 2242 579 2289 latratu
592 2255 673 2303 regna
685 2241 786 2289 trifauci

127 2337 257 2393 personat,
273 2330 379 2377 adverso
393 2329 518 2378 recubans
531 2330 643 2378 inmanis
656 2330 683 2376 in
697 2339 780 2378 anuo.

128 2419 169 2467 cui
183 2426 261 2477 vates,
278 2418 381 2467 horrere
394 2418 483 2466 videns
497 2418 549 2466 iam
563 2419 632 2466 eolla
646 2419 768 2476 colubris,

57 2512 108 2554 420
127 2508 204 2556 melle
217 2515 366 2570 soporatam
380 2515 404 2555 et
417 2507 550 2556 medicatis
564 2507 680 2570 frugibus
694 2509 773 2557 ollam

128 2596 215 2645 obicit.
243 2598 287 2645 ille
301 2597 368 2644 same
381 2596 472 2645 rabida
484 2598 651 2658 triaguttura
663 2598 779 2660 pandens

128 2687 234 2748 corripit
247 2685 374 2735 obiectam
388 2695 466 2751 atque
478 2686 602 2736 inmania
610 2693 693 2745 terga
701 2681 821 2730 nassum&
