1816 2956
80 194 141 242 232
318 201 483 242 0000001
503 200 634 240 nunonis

77 365 127 409 295
147 360 257 423 imperio
272 359 333 407 laeti
346 366 438 422 parent
451 374 481 407 ac
494 360 564 407 iussa
577 358 714 406 iacessunt.

183 449 220 496 At
232 437 323 509 regina
335 448 410 500 dolos
424 445 493 510 (quis
506 448 596 496 fallere
609 448 690 510 possit
702 448 861 512 amantem?)

147 536 291 601 praesensit
302 543 439 599 motusque
452 536 554 599 exe'epit
566 536 649 599 prima
662 536 770 594 futuros,

148 626 235 674 omnia
247 632 303 674 tuta
315 625 416 673 timens.
444 625 535 673 eadem
546 625 627 686 impia
639 624 719 672 Fama
731 625 825 673 furenti

149 713 242 763 detulit
254 714 348 762 armari
363 715 471 762 classem
485 727 640 776 cursumque
652 713 746 777 parari.

76 810 128 853 300
148 803 229 852 saevit
242 804 317 866 inope
330 802 409 850 animi
423 808 557 865 totamque
569 803 676 850 incensa
689 817 734 864 per
746 802 836 850 urbem

146 892 297 950 baechatur,
313 892 397 954 qualis
411 891 546 940 commotis
559 891 643 939 excita
656 891 735 939 saeris

147 981 253 1044 Thyias,
269 980 314 1028 ubi
328 981 418 1029 audito
431 981 565 1028 stimulant
577 980 706 1028 trieterica
718 979 823 1028 Baccho

147 1071 221 1132 orgia
233 1080 426 1132 nocturnusque
439 1076 514 1118 vocat
527 1071 639 1118 clamore
653 1067 802 1117 Cithaeron.

147 1161 253 1208 tandem
265 1159 305 1206 his
319 1158 427 1207 Aenean
441 1159 582 1221 compellat
592 1157 697 1206 vocibus
710 1158 787 1206 ultro.

75 1254 127 1297 305
179 1239 362 1296 ‘Dissimulare
375 1247 451 1295 etiarn
466 1247 583 1309 sperasti,
598 1247 703 1309 perlida,
720 1252 820 1294 tanturn

107 1373 111 1382 .
146 1352 222 1401 posse
235 1335 307 1384 nefas
320 1335 465 1398 tacitusque
478 1350 536 1384 mea
549 1336 672 1384 decedere
685 1335 770 1383 terra?

146 1440 195 1474 nec
208 1432 233 1473 te
245 1431 333 1472 noster
346 1438 419 1472 amor
432 1439 479 1472 nec
492 1432 516 1473 te
530 1425 591 1472 data
604 1425 710 1472 dextera
722 1423 856 1486 quondam

147 1529 195 1563 nec
208 1513 333 1562 moritura
345 1520 415 1561 tenet
428 1513 525 1562 crudeli
540 1513 628 1561 sunere
641 1512 729 1560 Dido?

147 1603 210 1666 quin
223 1603 301 1651 etiam
313 1601 422 1649 hiberno
435 1602 533 1649 moliris
547 1602 630 1650 sidere
644 1603 753 1649 classem

76 1697 127 1741 310
147 1699 172 1741 et
184 1692 274 1740 mediis
288 1704 412 1754 properas
425 1690 590 1752 aquilonibus
604 1691 640 1739 ire
653 1706 699 1753 per
712 1690 803 1748 altum,

148 1780 276 1830 erudelis?
296 1779 376 1842 quid?
396 1779 417 1826 si
431 1793 484 1826 non
498 1794 558 1826 arva
571 1780 657 1827 aliena
670 1779 813 1840 domosque

147 1870 249 1931 ignotas
263 1876 361 1932 peteres
376 1874 401 1916 et
413 1866 494 1914 Troia
507 1868 614 1930 antiqua
627 1874 749 1924 maneret,

147 1957 228 2005 Troia
241 1970 286 2019 per
299 1956 428 2004 undosum
441 1962 569 2019 peteretur
583 1956 707 2004 classibus
720 1955 836 2018 aequor?

147 2060 221 2095 mene
245 2045 331 2107 fugis?
355 2060 401 2108 per
425 2060 473 2107 ego
498 2046 544 2093 has
568 2046 687 2093 lacrimas
707 2046 877 2108 dextramque

448 2143 519 2182 tuam
532 2142 556 2183 te

75 2229 126 2272 315
148 2223 265 2286 (quando
273 2223 342 2270 aliud
355 2223 418 2271 mihi
430 2224 483 2271 iam
495 2224 604 2271 miserae
616 2224 681 2271 nihil
694 2224 751 2285 ipsa
758 2224 875 2287 reliqui),

147 2327 192 2376 per
206 2312 318 2360 conubia
330 2320 427 2372 nostra,
443 2326 489 2375 per
501 2312 617 2374 inceptos
631 2313 797 2374 hymenaeus,

148 2401 168 2449 si
182 2400 247 2449 bene
260 2401 322 2463 quid
337 2402 368 2449 de
382 2409 406 2449 te
419 2401 510 2460 merui,
526 2401 575 2448 luit
589 2410 633 2448 aut
646 2401 692 2448 tibi
707 2401 848 2463 quicquam

148 2490 223 2538 dulce
236 2504 330 2548 meum,
346 2490 466 2538 miserere
480 2491 571 2537 domus
585 2490 694 2538 labentis
709 2498 734 2537 et
746 2491 833 2550 istam,

148 2593 202 2637 oro,
218 2579 298 2640 siquis
312 2578 398 2626 adhuc
409 2579 528 2641 precibus
541 2580 621 2637 locus,
638 2593 703 2626 exue
716 2586 839 2628 mentem.

58 2670 117 2713 320
136 2675 163 2715 te
170 2675 286 2732 propter
296 2667 414 2733 Libycae
427 2675 518 2732 gentes
528 2667 726 2729 Nomadumque
739 2670 844 2729 tyranni
