1816 2956
277 192 426 232 Antoninos
446 193 534 232 menn
552 195 591 233 lv.
772 187 831 234 229

141 349 249 397 Talibus
263 359 380 397 orantem
393 350 467 397 dictis
481 365 591 414 arasque
604 360 733 401 tenentem

50 443 84 486 20
104 439 187 487 audiit
200 439 362 501 omnipotens
376 440 517 502 oculosque
531 441 563 488 ad
576 442 679 489 moenia
692 442 765 489 torsit

104 527 176 590 regia
189 536 214 576 et
227 527 320 575 oblitos
334 528 418 576 samue
431 530 544 577 melioris
558 530 676 578 ementis.

104 624 159 667 tum
172 617 209 665 sic
222 618 379 666 Mercurium
392 619 541 681 adloquitur
554 635 584 667 uc
597 620 659 666 teliu
671 620 786 667 mundat.

103 705 177 754 ‘vodo
190 721 248 768 age,
263 715 332 766 note,
347 722 412 755 voco
424 708 549 771 zephyros
562 715 588 756 et
600 708 687 756 lubere
699 709 785 770 pinnis

102 795 318 858 Dardaniumque
331 797 432 855 ducem,
448 795 527 859 Tyrio
533 797 694 858 Karthagine
708 798 751 859 qui
764 810 834 844 nunc

49 889 82 932 25
103 885 346 947 expectationeque
360 886 433 932 datus
446 900 498 932 uon
512 886 616 948 respicit
627 885 711 944 urbes,
764 876 766 883 ’

102 974 244 1035 adloquere
258 982 283 1022 et
296 975 385 1022 celeris
399 973 470 1022 deser
481 989 540 1022 mee
553 974 623 1022 dicte
634 989 680 1037 pcr
693 989 777 1022 auras.

101 1076 157 1109 non
170 1063 244 1110 illurn
256 1062 332 1110 nobis
345 1064 463 1124 genetrix
475 1063 649 1125 pulcherrime
660 1064 739 1111 talem

102 1151 222 1214 promisit
235 1149 395 1213 Graiumque
408 1152 466 1199 ideo
480 1152 519 1199 bis
532 1152 645 1200 vindicat
658 1152 751 1210 ormis3

102 1240 147 1288 sed
161 1240 216 1287 fore
229 1240 272 1302 qui
286 1241 419 1301 gravidam
432 1241 546 1303 imperiis
553 1241 674 1303 belloque
683 1242 832 1289 trcmentem

49 1333 83 1376 30
101 1328 204 1376 Italiam
217 1337 325 1389 regeret,
340 1343 422 1390 genus
435 1330 488 1377 alto
501 1345 517 1376 a
529 1330 656 1391 sunguine
669 1330 762 1378 Teucri

101 1418 230 1480 proderet,
246 1433 276 1466 ec
289 1426 370 1465 totum
384 1419 430 1466 sub
444 1419 513 1480 leges
526 1420 638 1466 mitteret
650 1419 746 1466 orbem.

101 1507 123 1554 si
136 1507 211 1554 nulla
224 1507 343 1555 accendit
355 1514 483 1555 tantorum
496 1508 679 1569 gloriaremur

100 1609 148 1643 nec
161 1610 238 1657 super
250 1596 305 1658 ipse
318 1610 365 1643 suu
379 1597 485 1644 molitur
496 1596 574 1644 leude
587 1596 711 1654 laborum,

100 1684 251 1732 Ascanione
264 1692 337 1746 pater
349 1685 480 1732 Romanas
492 1685 590 1733 invidet
602 1684 689 1733 arces?

49 1777 80 1820 35
101 1773 163 1834 quid
177 1772 269 1820 struit?
289 1782 333 1819 eut
346 1788 398 1835 que
410 1789 469 1836 spe,
483 1774 590 1821 inimice
603 1774 731 1835 ingente,
746 1788 832 1822 morn-

402 1870 445 1909 tur

49 1927 51 1933 V
100 1963 148 1998 nec
160 1951 261 2012 prolem
274 1951 419 1998 Ausoniam
432 1959 457 1999 et
469 1952 578 1999 Lavinia
591 1952 694 2014 respicit
707 1953 785 2000 arvo?

98 2039 218 2099 naviget:
234 2038 299 2086 haec
311 2054 413 2086 summa
425 2048 472 2099 est,
488 2041 530 2088 hic
542 2041 623 2088 nostri
637 2042 742 2089 nuntius
754 2043 833 2090 esto.'

134 2127 252 2175 Dixerat.
280 2128 325 2175 ille
337 2130 417 2190 putris
431 2131 519 2191 magni
531 2144 622 2192 parere
635 2131 744 2193 perabat

98 2214 208 2276 imperio
222 2224 247 2264 et
259 2217 370 2278 primum
385 2218 494 2278 pedibus
508 2218 601 2265 talaria
613 2219 701 2275 nectit,

49 2309 78 2352 to
98 2318 186 2361 suren,
202 2319 270 2366 quae
283 2305 419 2353 sublimem
433 2306 481 2353 ulis
494 2306 547 2354 sive
560 2321 675 2370 aequora
687 2323 765 2370 supra

97 2406 143 2440 seu
157 2400 253 2440 terram
266 2394 357 2455 rapido
371 2395 467 2456 [rariter
480 2409 538 2442 cum
551 2396 655 2444 flamine
668 2405 782 2458 portant.

96 2489 152 2528 tum
165 2481 264 2541 virgum
278 2482 362 2544 eupit:
383 2482 433 2531 huc
446 2484 546 2532 enimus
560 2485 604 2533 ille
617 2495 706 2533 evocat
720 2485 794 2534 Orco

95 2570 229 2633 pallentis,
246 2570 311 2617 ulios
324 2571 371 2617 sub
385 2572 496 2620 Tartaro
508 2574 591 2620 tristis
603 2575 691 2623 mittit.

95 2659 142 2706 dat
153 2672 260 2706 somnos
272 2659 427 2724 adimitque,
441 2670 468 2711 et
480 2662 587 2712 iumine
596 2672 687 2711 morte
696 2664 835 2721 τρέφει.
