1816 2956
266 184 413 224 aunamos
436 186 524 224 umam
540 186 603 224 vm.
772 178 831 224 379

105 342 252 403 Aegyptum
266 342 382 403 viresque
396 341 508 389 Orientis
522 350 547 390 et
559 343 649 390 ultima
664 357 751 390 secum

104 430 199 477 Bactra
210 429 280 476 vehit
291 431 457 492 sequiturque
465 429 561 491 (nefas)
569 430 698 492 Aegyptia
708 432 832 480 coniunx.

104 533 156 566 uua
169 533 259 567 omnes
272 533 345 566 ruere
359 525 484 566 actutum
498 533 617 580 spumare
631 520 741 568 reductis

52 612 84 654 00
105 607 256 655 convolsum
268 607 344 654 remis
357 607 498 668 rostrisque
511 607 664 655 tridentibus
678 622 783 670 aequor.

104 695 156 744 alta
170 702 276 757 petunt;
295 695 388 757 pelago
403 696 492 743 credas
505 696 596 744 innare
610 697 722 744 revolsas

104 783 231 846 Cycladas
245 791 290 831 aut
302 790 403 830 montes
417 797 570 833 concurrere
582 783 712 831 montibus
726 785 801 844 altos,

103 880 175 920 tanta
188 873 257 920 mole
270 872 316 918 viri
330 873 426 919 turritis
440 873 570 935 puppibus
583 873 688 920 instant.

103 967 211 1023 stuppea
224 961 328 1008 flamma
340 975 419 1007 manu
433 961 529 1022 telique
542 962 647 1008 volatile
659 961 755 1009 sermm

51 1054 82 1096 95
103 1050 240 1110 spargitur,
256 1064 317 1096 arva
329 1064 396 1097 nova
408 1049 538 1111 Neptunia
552 1051 630 1098 caedc
643 1051 789 1098 rubescunt.

104 1138 193 1198 regina
206 1137 232 1183 in
245 1138 336 1185 mediis
350 1138 433 1200 patrio
447 1146 522 1185 vocat
535 1139 640 1200 agmina
652 1139 726 1186 sistro

104 1226 214 1273 necdum
227 1225 304 1272 etiam
316 1227 434 1287 geminos
449 1242 464 1273 a
477 1234 549 1288 tergo
563 1228 667 1290 respicit
680 1228 781 1290 anguis.

103 1314 323 1376 omnigenumque
336 1315 412 1362 dcum
425 1323 540 1363 monstra
553 1324 578 1363 et
592 1317 699 1364 latrator
711 1316 813 1365 Anubis

103 1409 193 1450 contra
203 1402 351 1464 Neptunum
364 1409 389 1451 et
395 1404 523 1452 Venerem
537 1412 678 1468 contraque
688 1407 832 1454 Minervam

51 1497 82 1538 00
102 1492 154 1539 tela
166 1498 262 1540 tenent.
290 1491 370 1539 saevit
382 1493 469 1540 medio
483 1493 509 1540 in
523 1495 662 1542 certamine
675 1495 777 1542 Mavors

101 1581 215 1627 caelatus
229 1579 296 1627 ferro
311 1580 446 1642 tristesque
460 1596 492 1628 ex
506 1583 608 1630 aethere
621 1582 709 1641 Dirae,

101 1676 126 1715 et
138 1669 218 1716 scissa
230 1670 347 1730 gaudens
360 1670 430 1716 vadit
441 1669 581 1718 Discordia
594 1670 673 1732 palla,

101 1772 180 1818 quam
194 1772 253 1805 cum
265 1757 409 1819 sanguineo
422 1759 538 1820 sequitur
550 1759 662 1806 Bellona
674 1759 788 1820 flagello.

100 1846 192 1893 Actius
204 1845 270 1894 haec
284 1860 389 1894 cernens
404 1860 491 1892 arcum
504 1846 655 1894 intendebat
666 1847 765 1908 Apollo

51 1937 81 1981 05
101 1934 225 1996 desupcr;
247 1935 330 1981 omnis
344 1949 374 1982 eo
389 1941 484 1982 terrore
497 1934 630 1997 Aegyptus
644 1942 669 1983 et
681 1935 748 1992 Indi,

101 2023 185 2070 omnis
198 2021 292 2081 Arabs,
309 2037 398 2070 omnes
411 2022 544 2070 vertebant
556 2031 629 2084 terga
642 2022 746 2072 Sabaei.

101 2111 158 2173 ipsa
171 2111 305 2158 videbatur
318 2112 399 2158 ventis
413 2112 503 2173 regina
516 2113 613 2160 vocatis

101 2199 157 2247 vela
171 2199 231 2246 dare
245 2207 269 2246 et
282 2199 356 2246 laxos
370 2199 422 2246 iam
435 2201 538 2262 iamque
550 2201 679 2250 inmittere
692 2202 775 2250 funes.

101 2288 174 2335 illam
186 2288 253 2335 inter
266 2289 357 2335 caedes
371 2288 510 2350 pallentem
524 2297 607 2336 morte
620 2290 707 2336 futura

51 2382 82 2424 10
102 2376 197 2425 fecerat
210 2376 355 2438 ignipotens
369 2378 445 2424 undis
459 2385 484 2426 et
496 2377 592 2439 Iapyge
606 2377 674 2435 ferri,

102 2474 192 2513 contra
206 2471 291 2511 autem
305 2478 399 2524 magno
413 2472 570 2513 maerentem
584 2480 691 2527 corpore
704 2465 796 2511 Nilum

98 2554 307 2615 pandentemque
320 2552 393 2602 sinus
408 2561 432 2604 et
445 2562 504 2604 tota
515 2561 589 2604 ueste
601 2538 752 2601 uocantem

88 2641 239 2689 caeruleum
252 2643 278 2690 in
292 2647 431 2706 gremium
442 2628 899 2709 latebrosaquenumanatensi&

813 2706 869 2786 1
