1816 2956
307 179 456 220 aaunrnoa
474 180 560 220 amaa
574 181 606 220 x.
791 170 851 219 435

127 339 242 402 protinus
250 340 380 387 Antaeum
393 346 418 386 et
425 338 533 397 Lucum,
548 338 631 401 prima
645 338 750 400 agmina
762 338 853 398 Turni,

127 429 288 492 persequitur
307 427 451 489 sortemque
464 425 575 474 Numam
588 426 737 490 fulvomque
751 425 856 477 Camer-

427 522 487 574 tem,

126 607 294 668 magnanimo
308 606 447 654 Volscente
460 609 552 662 satum,
569 603 709 653 ditissimus
722 605 778 667 agri

127 696 170 758 qui
184 695 233 744 luit
246 695 409 742 Ausonidum
423 700 448 742 et
460 692 543 742 tacitis
556 693 673 754 regnavit
686 693 810 756 Amyclis.

57 788 106 832 565
127 786 252 845 Aegaeon
267 783 360 845 qualis,
377 790 479 831 centum
493 783 533 830 cui
549 780 671 830 bracchia
684 782 773 831 dieunt

127 882 299 934 centenasque
312 887 413 930 manus,
430 870 619 934 quinquaginta
632 869 719 919 oribus
732 871 819 932 ignem

128 961 326 1023 pectoribusque
340 960 440 1018 arsisse,
456 959 523 1007 Iovis
537 975 595 1008 cnm
609 959 719 1008 fulmina
731 967 820 1008 contra

128 1056 165 1096 tot
178 1049 282 1111 paribus
295 1056 418 1111 streperet
431 1049 528 1111 clipeis,
545 1054 583 1096 tot
595 1048 731 1110 stringeret
744 1063 826 1110 enses,

128 1138 164 1185 sic
177 1145 231 1184 toto
246 1140 347 1185 Aeneas
362 1137 474 1186 desaevit
486 1137 512 1184 in
526 1152 639 1199 aequore
652 1137 740 1196 victor,

58 1232 108 1276 570
128 1233 155 1273 ut
169 1227 246 1274 semel
260 1226 371 1288 intepuit
382 1241 479 1275 mucro.
508 1227 570 1289 quin
585 1241 643 1276 ecce
656 1227 766 1290 Niphaei

128 1315 287 1377 quadriiugis
302 1315 327 1361 in
342 1329 421 1377 equos
436 1316 594 1378 adversaque
611 1322 715 1378 pectora
727 1317 816 1365 tendit.

128 1412 205 1466 atque
219 1404 256 1451 illi
269 1404 346 1465 longe
359 1403 520 1465 gradientem
534 1410 558 1451 et
572 1404 627 1452 dira
640 1404 790 1455 frementem

128 1502 156 1541 ut
169 1494 263 1552 videre,
278 1499 347 1540 metu
361 1493 424 1540 versi
439 1500 558 1555 retroque
571 1499 673 1541 ruentes

128 1582 314 1644 effunduntque
328 1582 420 1630 ducem
432 1583 587 1645 rapiuntque
601 1582 633 1628 ad
648 1581 725 1630 litora
737 1597 835 1631 currus.

58 1674 107 1719 575
127 1671 225 1719 interea
239 1671 332 1732 biiugis
346 1670 423 1719 infert
434 1686 463 1719 se
476 1671 596 1732 Lucagus
610 1670 675 1719 albis

128 1760 155 1806 in
168 1759 267 1806 medios
281 1758 409 1821 fraterque
422 1759 516 1821 Liger;
536 1760 580 1807 sed
595 1759 672 1807 frater
686 1757 804 1831 habenis·

128 1848 206 1895 flectit
220 1862 308 1909 equos,
325 1848 441 1895 strictum
454 1855 521 1897 rotat
534 1863 593 1896 acer
605 1848 725 1910 Lucagus
739 1861 834 1897 ensem.

128 1935 197 1982 haud
212 1935 272 1982 tulit
283 1935 386 1984 Aeneas
400 1942 471 1983 tauto
485 1936 583 1984 fervore
596 1935 717 1984 furentis:

128 2024 207 2071 inruit
220 2023 377 2087 adversaque
390 2025 482 2086 ingens
495 2025 616 2088 adparuit
630 2024 713 2074 hasta.

59 2117 109 2161 580
130 2113 170 2160 cui
184 2112 262 2174 Liger

126 2192 190 2248 ‘non
201 2201 336 2250 Diomedis
350 2216 430 2264 equos
443 2217 491 2252 nec
504 2217 607 2251 currum
620 2203 702 2253 cernis
715 2202 813 2252 Achilli

129 2298 173 2337 aut
186 2290 314 2352 Phrygiae
328 2306 448 2354 campos:
469 2307 539 2340 nune
552 2291 613 2341 belli
626 2293 684 2341 finis
697 2299 723 2342 et
735 2293 790 2342 aevi

129 2379 168 2426 his
183 2379 285 2426 dabitur
298 2372 390 2428 terria.'
415 2395 509 2430 vesano
523 2381 586 2429 talia
598 2381 650 2430 late

130 2468 198 2516 dicta
211 2469 299 2516 volant
311 2467 408 2530 Ligeri.
437 2470 481 2518 sed
495 2485 546 2518 non
561 2477 585 2518 et
597 2470 691 2518 Troius
704 2471 779 2519 heros

60 2561 108 2604 585
131 2556 198 2605 dicta
218 2563 293 2620 parat
312 2564 417 2618 contra3
438 2559 550 2608 iaculum
570 2575 630 2607 nam
649 2567 752 2623 torquet
770 2560 797 2607 in
810 2560 856 2608 ho·

429 2655 503 2696 atem.

641 2723 704 2777 hh*
