1816 2956
43 106 102 156 422
283 116 308 156 1³.
326 100 596 157 inediar‘it'aiidnis
887 40 892 165 1

42 280 92 322 220
112 274 224 323 ooourrit
235 273 375 322 uomitum:
391 271 527 336 'nymphae
539 270 604 336 quas
617 269 808 338 eima‘Cybebe
886 214 891 361 ξ

113 376 207 410 numen
220 361 315 411 habere
328 363 405 411 meris
419 359 597 426 nymphasque
610 363 747 411 anavibus
761 379 816 412 esee
887 366 890 417 ζ

113 453 222 499 iusserat
233 450 360 499 innabant
371 451 467 514 pariter
479 452 623 514 fluctusque
635 450 771 511 secabant,
887 436 891 493 ἰ

111 547 176 603 quot
188 540 259 602 prius
273 547 375 588 aeratae
388 547 512 590 steterant
525 541 558 589 ad
571 541 649 588 litora
661 554 766 602 prorae.

29 656 31 661 ·
114 629 278 692 adgnoscunt
290 630 367 690 longe
380 642 468 690 regem
481 630 643 692 lustrantque
659 628 771 678 choreis.

43 724 93 767 225
114 733 223 782 quarum
236 732 304 780 quae
317 716 387 765 fandi
402 717 552 766 doctissima
565 716 733 780 Cymodocea

113 820 182 869 pone
194 820 304 868 sequens
318 806 409 854 dextra
421 806 529 869 puppim
542 810 612 855 tenet
623 805 734 869 ipsaque
748 807 828 856 dorso

115 895 210 944 eminet
222 910 253 943 ae
266 895 339 942 laeva
352 895 435 943 tacitis
449 894 607 956 subremigat
619 895 705 942 undis.

114 989 168 1032 tum
182 983 219 1031 sio
225 983 345 1045 ignarum
353 983 510 1046 adloquitur.
528 972 675 1044 ‘vigilasne
685 982 765 1032 deum
772 999 845 1046 gens,

115 1061 222 1121 Aenea?
241 1072 321 1134 vigila
334 1078 359 1121 et
370 1073 433 1121 velis
446 1072 547 1120 inmitte
561 1071 691 1120 rudentes.

47 1165 98 1209 230
117 1175 164 1209 nos
177 1174 274 1219 sumus,
289 1161 383 1210 Idaeae
396 1175 470 1210 sacro
484 1161 516 1210 de
528 1161 622 1210 vertice
635 1159 722 1223 pinus,
886 1164 889 1223 j

116 1263 185 1298 nunc
197 1250 283 1313 pelagi
297 1250 434 1313 nymphae,
450 1250 539 1299 elassis
553 1256 606 1298 tua.
633 1249 749 1312 perfidus
763 1258 794 1299 nt
803 1265 848 1300 nos
871 1312 874 1319 Ι

116 1338 268 1402 praecipites
282 1339 349 1388 ferro
362 1337 472 1387 Rutulus
485 1339 641 1402 flammaque
654 1338 803 1401 premebat,
883 1352 887 1395 ι

116 1428 232 1491 rupimus
244 1428 340 1476 invitae
353 1434 398 1477 tua
410 1427 515 1476 vincula
526 1434 602 1491 teque
616 1441 662 1489 per
677 1442 780 1490 aequor
884 1420 888 1487 i

118 1517 272 1580 quaerimus.
300 1517 368 1566 hane
385 1517 502 1579 genetrix
515 1516 607 1565 faeiem
624 1515 749 1564 miserata
762 1517 851 1567 refecit

47 1611 98 1654 235
118 1614 143 1655 et
155 1607 227 1656 dedit
239 1621 295 1655 esse
308 1606 369 1654 deas
383 1619 524 1667 aevomque
538 1605 637 1667 agitare
649 1603 696 1652 sub
711 1605 803 1654 undis.

119 1703 145 1744 at
156 1703 220 1759 puer
232 1695 361 1743 Ascanius
374 1709 448 1743 muro
462 1693 589 1756 fossisque
604 1699 706 1741 tenetur

118 1785 170 1833 tela
181 1784 248 1832 inter
261 1785 347 1832 media
359 1790 436 1846 atque
450 1783 562 1831 ardentis
576 1782 659 1830 Marte
672 1781 798 1833 Latinos.

118 1873 171 1921 iam
184 1872 242 1921 loca
255 1873 324 1920 iussa
338 1878 407 1920 tenet
420 1871 479 1919 forti
492 1870 633 1933 permixtus
646 1869 759 1920 Etrusco

119 1963 200 2010 Areas
214 1975 308 2023 oques3
329 1962 427 2009 medias
440 1961 491 2008 iilis
506 1973 636 2022 opponere
650 1966 760 2021 turmas,

50 2056 100 2098 240
119 2064 151 2098 ne
165 2050 254 2097 eastris
267 2051 385 2111 iungant,
402 2056 471 2098 eerta
484 2055 522 2097 est
535 2048 662 2096 sententia
675 2047 779 2098 Turno.

120 2152 195 2199 surge
208 2152 255 2200 age
269 2144 294 2187 et
305 2140 410 2186 Aurora
422 2139 507 2187 socios
520 2138 637 2185 veniente
650 2139 738 2185 vocari

119 2227 216 2290 primus
236 2228 263 2275 in
283 2242 354 2275 arma
370 2227 431 2275 iube
449 2234 473 2276 et
486 2227 597 2288 elipeum
611 2239 674 2288 cape
688 2239 770 2287 quem
785 2230 858 2279 dedit

421 2316 476 2378 ipse

112 2405 241 2458 invictum
255 2405 404 2473 ignipotens
417 2411 494 2468 atque
508 2418 565 2451 oras
580 2403 670 2450 ambiit
683 2418 759 2452 auro.

103 2503 227 2556 crastina
241 2505 299 2568 lux,
317 2516 380 2554 mea
393 2498 417 2548 si
428 2511 487 2547 non
496 2493 579 2543 inrita
590 2493 660 2538 dieta
669 2495 782 2549 putans„

9 2595 69 2646 245
89 2596 223 2666 ingentis
239 2600 364 2654 Rutulae
380 2586 522 2662 speetabit
533 2581 624 2636 caedis
635 2568 757 2626 aeonas}
