1816 2956
257 182 415 224 assumes
425 183 514 223 alana
526 183 558 223 11.
747 176 805 226 its

29 347 56 391 l5
77 341 110 390 ud
125 342 228 390 caelum
239 342 346 390 tendens
360 341 479 390 ardentia
491 340 591 388 lumina
603 340 706 400 frustm,

76 429 187 490 lumina,
202 445 264 479 nam
276 437 376 479 teneras
390 430 514 479 arcebant
525 430 630 478 vincula
642 431 751 493 palmas.

76 532 131 567 non
145 519 204 568 tulit
216 519 284 569 hanc
296 519 408 582 speciem
422 519 516 567 furiata
528 526 613 567 mente
627 517 769 581 Coroebus,

77 614 105 656 et
115 622 171 657 sese
184 609 298 657 medin-m
310 608 399 656 iniecit
411 607 538 671 periturus
551 608 579 654 in
591 622 694 669 agmen.

77 697 261 761 consequimur
273 697 359 746 cuncti
373 703 398 744 et
411 696 496 744 densis
509 696 663 744 incurrimus
677 697 762 746 armis.

29 793 57 836 l0
76 787 121 836 hic
134 785 246 850 primum
259 800 291 834 ex
303 786 356 835 ulto
370 785 471 833 delubri
485 785 597 833 culmine
610 786 667 834 telis

76 882 226 924 nostrorum
239 874 373 922 obruimur
386 874 516 936 oriturque
529 873 672 922 miserrima
686 875 777 924 caedes

76 978 209 1014 armorum
221 962 288 1012 facie
300 970 326 1011 et
339 961 476 1012 Graiarum
489 976 576 1010 errore
588 961 716 1010 iubarum.

76 1059 133 1102 tum
144 1051 232 1102 Danai
244 1051 342 1114 gemitu
356 1058 434 1114 atque
447 1058 550 1115 ereptae
562 1050 668 1112 virginis
681 1050 721 1099 ita

76 1141 193 1203 undique
206 1140 309 1190 collecti
322 1140 457 1199 invadunt,
473 1139 613 1188 acerrimus
626 1139 695 1187 Aiax

29 1235 56 1279 15
77 1236 103 1279 et
114 1229 212 1292 gemini
225 1229 334 1278 Atridae
346 1228 532 1291 Dolopumque
545 1228 671 1276 exercitus
684 1228 777 1288 omnis,

77 1317 177 1369 adversi
190 1323 267 1381 rupto
281 1332 328 1366 ceu
342 1317 475 1380 quondam
488 1316 675 1366 turbineventi·

77 1406 229 1469 confligunt,
244 1406 429 1469 Zephyrusque
440 1403 574 1468 Notusque
588 1414 613 1454 et
625 1406 707 1455 laetus
720 1406 774 1455 eois

75 1496 163 1544 Eurus
174 1495 264 1558 equis3
284 1493 488 1552 striduntsilvae
501 1495 632 1558 saevitque
644 1495 748 1543 tridenti

76 1599 200 1649 spumeus
212 1590 290 1646 atque
303 1584 355 1630 imo
368 1582 465 1631 Nereus
479 1583 529 1631 ciet
541 1599 655 1646 aequora
668 1583 758 1632 fundo.

29 1678 56 1723 to
76 1673 116 1723 illi
130 1673 218 1732 etiam,
233 1673 322 1736 siquos
336 1671 446 1720 obscura
458 1680 535 1720 nocte
549 1687 595 1736 per
607 1672 725 1722 umbram

75 1762 189 1811 indimus
203 1761 305 1808 insidiis
316 1767 422 1822 totaque
435 1760 588 1822 agitavimus
600 1761 672 1820 urhe,

76 1852 217 1914 adparent3
236 1849 312 1912 primi
326 1848 424 1911 clipeos
436 1849 595 1912 mentitaque
608 1851 662 1898 tela

75 1940 242 2002 adgnoscunt
253 1943 330 2000 atque
344 1951 390 1985 orn
402 1951 467 1984 sono
481 1937 611 1986 discordia
623 1939 735 2000 signant.

75 2029 148 2078 ilicet
161 2027 295 2076 obruimur
307 2040 430 2073 numero:
452 2026 602 2089 primusque
616 2024 749 2076 Coroebus

29 2123 55 2167 25
75 2116 181 2166 Penelei
195 2116 286 2164 dextra
299 2115 372 2163 divae
385 2114 565 2177 armipotentis
578 2116 611 2164 ad
626 2131 698 2163 aram

74 2204 237 2270 procumbit3
259 2204 329 2252 cudit
341 2210 366 2251 et
377 2203 501 2266 Rhipeus,
516 2204 670 2253 iustissimus
683 2219 749 2254 nnus

76 2294 121 2358 qui
134 2293 223 2341 fuit-in
236 2292 343 2341 Teucris
356 2298 382 2341 et
394 2293 598 2341 servantissimus
612 2293 689 2356 aequi
704 2322 706 2326 »

76 2384 128 2446 (dis
142 2383 217 2431 aliter
228 2381 338 2445 visum);
357 2387 466 2444 pereunt
477 2382 646 2445 Hypanisque
658 2382 809 2445 Dymasque

75 2471 172 2521 confixi
186 2485 202 2518 a
214 2469 308 2529 sociis3
328 2483 376 2518 nec
389 2476 414 2518 te
426 2476 471 2519 tua
483 2471 604 2534 plurima,
619 2470 732 2531 Panthu,

29 2567 55 2611 to
75 2559 209 2609 labentem
220 2559 302 2623 pietas
315 2573 364 2607 nec
375 2560 506 2621 Apollinis
519 2560 603 2609 infula
616 2559 688 2608 texit.

73 2649 149 2700 Iliaci
163 2648 263 2699 cineres
276 2655 302 2696 et
313 2647 421 2696 flamma
431 2653 549 2699 muenia
559 2663 696 2709 meorum,
