1816 2956
359 193 444 234 orara.
742 186 801 233 555

77 358 103 399 at
116 351 178 399 levis
191 352 235 399 illa
248 353 319 409 deus,
336 353 376 399 cui
390 367 491 414 semper
503 353 536 400 ud
550 352 727 400 ulciscendum

76 440 208 503 quaeritur
221 455 252 488 ex
266 441 335 487 omui
350 440 426 488 verbo
441 449 517 502 atque
531 441 625 488 iniuria
639 440 717 499 sacto,

23 534 56 578 50
76 543 154 577 aurea
167 530 276 591 fulgenti
290 530 443 591 depromens
457 529 507 576 tela
521 529 649 590 pharetra,

74 618 125 666 ben
138 617 246 665 nimium
259 625 341 666 taetro
355 618 463 664 nirniurn
476 617 601 666 torrentia
614 618 677 675 viro,

74 706 180 768 virginis
193 706 219 752 in
233 713 321 754 tenera
335 707 458 754 defixerat
472 706 560 753 ornnia
572 716 665 755 mente.

110 793 184 854 Quae
197 795 273 842 simul
286 810 317 842 ac
330 795 400 842 venis
414 795 500 843 hausit
512 793 656 842 sitientibus
668 794 756 855 ignem

74 889 100 932 et
111 883 225 930 validum
239 883 340 944 penitus
353 883 473 944 concepit
485 883 512 930 in
526 897 584 931 ossa
596 882 719 942 furorem,

23 977 54 1023 db
74 986 150 1020 saera
163 973 232 1019 velut
243 972 336 1032 gelidis
349 971 469 1019 Edonum
481 972 596 1020 Bistonis
609 972 661 1018 oris

74 1061 156 1108 ictave
169 1060 304 1109 barbarico
318 1059 428 1122 Cybeles
441 1061 557 1109 antistita
571 1061 640 1108 buxo

73 1147 166 1196 infelix
178 1148 250 1210 virgo
263 1155 317 1196 tota
330 1147 471 1197 baechatur
483 1148 510 1195 iu
523 1148 595 1207 urbe,

74 1251 128 1285 non
141 1245 241 1285 storace
253 1237 332 1284 Idaeo
345 1238 489 1298 fragrantes
503 1237 583 1284 tincta
596 1237 713 1300 capillos,

74 1326 181 1388 cognita
193 1340 245 1372 non
259 1326 352 1374 teneris
366 1325 473 1388 pedibus
488 1324 610 1387 Sicyonia
623 1341 736 1385 servans,

23 1421 55 1468 {0
75 1429 128 1462 non
141 1414 216 1462 niveo
230 1414 342 1462 retinens
356 1413 448 1461 bacatu
460 1413 569 1461 monilia
582 1414 660 1462 collo.

74 1503 185 1551 multam
197 1502 236 1550 illi
250 1503 348 1549 incerto
362 1502 492 1564 trepidant
503 1503 610 1564 vestigia
624 1518 716 1551 cursu:

73 1607 152 1655 saepe
166 1592 232 1640 redit
243 1591 340 1653 patrios
354 1591 510 1638 adscendere
522 1592 623 1653 perdita
635 1606 723 1639 muros

73 1682 209 1743 aeriasque
222 1679 284 1727 facit
296 1695 400 1726 causam
413 1679 461 1725 sibi
475 1679 556 1728 visere
569 1687 659 1738 turres,

73 1784 152 1832 saepe
164 1769 242 1817 etiam
255 1767 338 1814 tristes
352 1768 455 1815 volvens
469 1768 495 1814 in
510 1777 584 1816 noete
598 1771 726 1830 querellas

23 1864 53 1911 lb
74 1857 177 1907 sedibus
191 1872 223 1904 ex
236 1856 295 1904 ultis
307 1859 321 1914 †
334 1856 399 1903 caeli
412 1858 559 1915 speculatur
571 1873 685 1905 amorem

74 1954 210 2009 caenoque
224 1951 370 2007 prospectat
383 1944 477 1992 crebris
492 1946 605 1993 lucentia
617 1947 735 1994 dammis.

74 2034 149 2082 nulla
162 2035 248 2081 colum
262 2033 340 2090 norit,
357 2049 445 2081 carum
458 2048 509 2080 non
525 2035 629 2096 respicit
642 2050 741 2094 aurum,

74 2137 128 2170 non
141 2129 234 2183 arguta
246 2129 341 2170 sonant
354 2122 422 2169 tenui
437 2123 560 2184 psalteria
573 2123 679 2180 chorda,

74 2225 127 2258 non
140 2211 238 2271 Libyco
252 2212 343 2258 mullas
358 2211 517 2272 plauduntur
529 2211 630 2273 pectine
644 2211 719 2259 telae.

23 2305 55 2350 30
75 2298 162 2347 nullus
175 2300 201 2346 in
215 2313 259 2347 ore
272 2299 366 2346 rubor:
381 2298 424 2346 ubi
439 2299 508 2346 enirn
516 2299 604 2357 rubor,
618 2299 801 2348 obstatamori.

74 2395 152 2449 atque
166 2388 208 2435 ubi
223 2389 296 2435 nulla
308 2387 383 2434 malis
396 2388 491 2449 reperit
503 2388 601 2436 solacia
614 2388 691 2435 tantis

74 2475 270 2538 tabidularnque
283 2475 352 2523 videt
364 2475 416 2524 lubi
430 2491 475 2538 per
488 2477 586 2525 viscera
599 2484 716 2535 mortem,

75 2579 127 2627 qno
140 2570 216 2612 vocat
227 2565 265 2612 ire
279 2565 362 2623 dolor,
379 2564 502 2626 subigunt
515 2579 566 2626 quo
580 2565 684 2612 tendere
697 2565 759 2623 sata,

74 2653 155 2705 fertur
168 2660 193 2701 et
205 2652 323 2700 horribili
337 2666 458 2714 praeceps
472 2653 605 2715 inpellitur
618 2661 712 2714 oestro,

772 2734 821 2776 Δ
