1816 2956
358 193 510 234 nonarum.
773 184 832 232 573

108 352 237 399 contrahit
251 352 377 398 admixtos
392 359 445 398 tum
459 351 542 398 sontes
556 358 633 413 atque
646 350 751 409 farinas,

57 446 87 488 45
108 446 264 488 transversat
277 440 367 486 durata
381 454 458 485 manu
473 440 625 502 liquidoque
639 447 728 488 coacto

108 530 236 577 interdurn
249 542 354 589 grumos
368 528 466 590 spargit
478 531 541 587 sale,
557 529 660 590 iamque
673 528 807 575 subactum

108 619 176 666 levat
189 632 254 680 opus
267 616 412 678 palmisque
425 631 500 664 suum
514 617 606 664 dilatat
618 617 644 663 in
659 616 747 664 orbem

108 713 133 755 et
146 712 219 753 notat
230 704 352 767 inpressis
367 719 449 766 aequo
464 706 611 753 discrimine
624 706 737 767 quadris.

107 794 185 842 infert
196 794 257 841 inde
270 794 328 840 foco
343 791 464 855 (Scybale
477 795 645 843 mundaverat
658 802 747 857 aptum

57 889 89 933 50
108 889 168 932 ante
181 882 280 945 locum)
293 882 415 944 testisque
428 882 499 944 tegit,
515 899 591 946 super
604 890 712 946 aggerat
723 883 805 944 ignes.

109 973 222 1034 dumque
236 986 294 1018 snas
309 971 409 1032 peragit
422 970 554 1019 Vulcanus
567 973 698 1035 Vestaque
711 978 805 1035 partes,

109 1060 221 1122 Simylus
234 1061 332 1107 interea
345 1074 426 1106 vacua
438 1074 491 1106 non
504 1068 586 1109 cessat
599 1061 625 1107 in
640 1061 712 1120 hora,

108 1164 195 1198 verum
209 1149 288 1197 aliam
301 1148 348 1195 sibi
363 1149 463 1210 quaerit
476 1164 559 1211 opem,
576 1164 625 1197 neu
638 1150 695 1198 sola
708 1151 796 1212 palato

109 1238 206 1288 sitnon
220 1245 294 1299 grata
310 1236 386 1284 Ceres
400 1252 465 1298 quas
478 1238 569 1299 iungat
582 1245 714 1301 comparat
727 1253 807 1287 escas.

57 1333 88 1377 55
108 1341 162 1374 non
175 1326 213 1374 illi
227 1341 352 1388 suspensa
365 1325 451 1372 focum
465 1327 582 1374 carnaria
594 1327 675 1386 iuxta,

109 1415 193 1462 durati
207 1416 261 1462 sale
274 1421 347 1476 terga
359 1413 411 1462 suis
425 1416 568 1478 truncique,
584 1415 718 1474 vacabant,

109 1503 230 1551 traiectus
243 1504 356 1551 medium
370 1513 456 1568 sparto
470 1506 513 1552 sed
527 1520 617 1554 caseus
631 1505 720 1553 orbem

110 1600 217 1641 etvetus
231 1592 345 1641 adstricti
359 1593 436 1642 saseis
449 1594 578 1657 pendebat
591 1595 686 1643 anethi.

110 1695 171 1742 ergo
186 1681 264 1729 aliam
277 1683 382 1730 molitur
395 1685 471 1745 operti
484 1683 531 1730 sibi
544 1683 665 1745 providus
678 1682 763 1730 heros.

57 1776 90 1820 60
146 1769 241 1817 Hortus
255 1777 309 1818 erat
321 1771 423 1819 iunctus
438 1773 548 1831 casulae,
565 1771 835 1834 quemviminapauca

110 1866 136 1906 et
148 1858 248 1906 calamo
262 1859 372 1907 rediviva
386 1861 434 1908 levi
449 1860 566 1908 munibat
578 1860 687 1919 arundo,

111 1946 218 2008 exiguus
232 1948 323 2009 spatio,
338 1949 415 1996 variis
428 1950 472 1997 sed
486 1949 576 1996 fertilis
591 1948 683 1996 herbis.

111 2035 147 2082 nil
161 2035 199 2082 illi
214 2036 301 2084 deerat
314 2038 382 2097 quod
397 2037 516 2100 pauperis
530 2037 610 2098 exigit
623 2051 699 2095 usus;

110 2123 238 2170 interdum
252 2124 368 2187 locuples
382 2141 397 2172 a
410 2141 521 2189 paupere
534 2127 609 2189 plura
622 2124 733 2188 petebat.

57 2217 90 2261 65
110 2226 158 2259 nec
171 2221 286 2275 sumptus
300 2220 355 2261 erat
367 2214 431 2261 illud
446 2230 519 2277 opus,
535 2214 579 2262 sed
593 2215 683 2276 regula
696 2227 781 2272 curae,

110 2300 131 2346 si
145 2301 250 2362 quando
263 2315 371 2348 vacuum
385 2303 473 2350 casula
486 2303 618 2366 pluviaeve
631 2303 752 2350 tenebant

110 2388 206 2436 festave
219 2389 273 2447 lux,
289 2390 310 2437 si
324 2391 388 2438 forte
402 2391 477 2438 labor
490 2392 606 2438 cessabat
618 2392 704 2450 aratri,

111 2476 178 2524 horti
192 2492 256 2539 opus
269 2478 334 2526 illud
349 2486 411 2527 erat.
440 2480 521 2528 varias
536 2480 672 2542 disponere
684 2480 786 2543 plantas

111 2573 186 2612 norat
199 2573 223 2614 et
236 2568 353 2616 occultae
366 2568 524 2616 committere
537 2569 636 2616 semina
649 2576 730 2617 terrac

57 2654 91 2702 ΓΟ
112 2653 260 2718 vicinosque
274 2663 334 2719 apta
347 2672 409 2705 cura
421 2657 576 2706 submittere
585 2657 670 2703 iiras.
