1816 2956
42 118 103 166 320
280 130 307 168 P.
324 130 445 169 innarnr
465 130 596 170 uaaours

111 286 162 333 urit
174 286 308 333 odoratam
322 294 449 334 nocturna
461 287 487 333 in
502 288 601 335 lumina
615 290 729 347 cedrum,

111 382 202 436 arguto
216 376 299 423 tenuis
312 390 462 438 percurrens
475 377 577 437 pectine
590 378 663 425 telas.

59 467 90 510 15
111 463 171 511 hine
185 465 301 512 exaudiri
314 466 424 526 gemitus
437 464 542 527 iraeque
555 466 669 525 leonum,

109 553 195 600 vincla
207 561 371 601 recusantum
384 561 409 602 et
421 568 478 607 sera
490 553 537 601 sub
551 561 627 603 nocte
640 556 791 616 rudentum,

110 641 281 704 saetigerique
294 657 351 690 sues
365 650 442 705 atque
454 643 481 689 in
495 643 660 705 praesepibus
674 643 726 691 ursi

109 730 206 778 saevire
219 746 249 778 ac
262 731 360 779 formae
373 745 527 792 magnorum
540 731 641 779 ululare
655 732 788 794 luporum,

110 833 174 880 quos
186 813 320 867 heminam
333 834 364 866 ex
376 820 441 867 facie
454 820 502 867 dea
513 820 744 882 saevapotentibus
752 821 841 872 herbis

55 911 90 954 20
108 906 316 956 indueratCirce
329 908 355 954 in
368 909 452 956 voltus
466 923 496 956 ac
509 916 582 969 terga
595 908 716 956 serarum.

109 1009 175 1058 quae
188 1010 221 1044 ne
234 1003 349 1044 monstra
362 997 397 1060 pii
411 1004 559 1059 paterentur
572 998 635 1044 talia
648 998 729 1045 Troes

45 1091 47 1095 ’
109 1085 187 1132 delati
200 1085 227 1132 in
240 1091 328 1148 portus
341 1099 392 1133 neu
405 1086 482 1134 litora
495 1087 551 1133 dira
564 1086 687 1145 subirent,

107 1172 242 1236 Neptunus
254 1175 336 1222 ventis
348 1174 456 1236 inplevit
468 1176 524 1223 vela
537 1175 656 1223 secundis

108 1268 184 1324 atque
197 1261 286 1322 fugam
299 1262 370 1310 dedit
382 1269 407 1310 et
419 1271 520 1325 praeter
532 1263 598 1311 vada
610 1262 707 1311 fervida
720 1265 801 1314 vexit.

54 1355 87 1398 25
142 1351 249 1413 Iamque
273 1351 425 1400 rubescebat
448 1352 528 1400 radiis
547 1366 617 1400 mare
637 1359 662 1400 et
681 1353 786 1403 aethere
806 1356 839 1404 ab

408 1441 462 1489 alto

106 1527 209 1576 Aurora
222 1529 248 1576 in
263 1529 359 1577 croceis
373 1529 489 1590 fulgebat
501 1531 572 1578 lutea
584 1529 660 1591 bigis,

107 1632 166 1665 cum
177 1618 246 1666 venti
259 1633 367 1680 posuere
381 1619 517 1680 omnisque
530 1626 634 1680 repente
647 1619 743 1666 resedit

105 1706 179 1754 flatus
193 1714 218 1754 et
231 1707 258 1769 in
271 1707 341 1754 lento
354 1708 486 1754 luctantur
498 1722 626 1754 marmore
638 1714 739 1755 tonsae.

106 1803 183 1857 atque
196 1796 237 1844 hic
250 1797 353 1843 Aeneas
366 1796 497 1856 ingentem
510 1811 542 1844 ex
556 1811 667 1859 aequore
681 1797 771 1844 lucum

52 1889 86 1932 ³0
105 1884 236 1946 prospicit.
264 1884 334 1932 huuc
346 1884 414 1932 inter
425 1884 502 1932 fluvio
516 1885 652 1932 Tiberinus
666 1900 788 1946 amoeno,

105 1972 241 2021 verticibus
255 1973 352 2035 rapidis
366 1980 391 2021 et
403 1974 484 2021 multa
496 1974 574 2021 flavos
588 1974 693 2033 harena,

105 2062 131 2109 in
146 2076 215 2109 mare
228 2062 379 2124 prorumpit.
410 2062 495 2110 variae
509 2063 655 2125 circumque
668 2077 801 2127 supraque

62 2164 70 2178 ·
104 2151 225 2198 adsuetae
238 2151 300 2213 ripis
313 2151 429 2213 volucres
443 2157 468 2198 et
479 2151 592 2198 fluminis
606 2152 678 2199 alveo

104 2239 208 2288 aethera
220 2239 370 2286 mulcebant
383 2247 460 2286 cantu
473 2240 584 2302 lucoque
596 2240 728 2288 volabant.

49 2333 83 2376 35
102 2329 202 2376 flectere
215 2329 263 2376 iter
276 2327 352 2374 sociis
365 2334 500 2390 terraeque
513 2329 643 2377 advertere
656 2343 746 2391 proras

103 2417 212 2480 imperat
225 2423 250 2465 et
262 2416 343 2463 laetus
356 2415 433 2463 fluvio
446 2417 561 2465 succedit
576 2431 667 2480 opaco.

137 2503 212 2552 Nunc
224 2518 273 2566 age
287 2505 330 2567 qui
348 2518 435 2566 reges,
455 2504 549 2563 Erato,
572 2519 638 2567 quae
658 2513 776 2568 tempora
795 2524 835 2559 re·

402 2607 469 2653 rum,
