1816 2956
258 202 408 244 nummos
425 203 514 242 omnu-
527 203 559 244 11.
747 193 807 242 16¹3

80 361 142 408 dum
155 360 239 409 stabat
251 373 332 422 regno
344 360 482 408 incolumis
494 373 637 423 regumque
648 359 758 422 vigebat

80 450 207 509 conciliis,
222 457 247 498 et
259 463 307 498 nos
322 449 428 512 aliquod
442 462 588 511 nomenque
600 448 738 512 decusque-

26 543 60 588 90
79 539 214 601 gessimus.
242 538 340 586 invidia
351 544 488 600 postquam
500 537 606 600 pellacis
619 537 689 586 Ulixi

80 626 162 689 (haud
175 627 265 689 ignote
278 625 384 690 loquor)
397 626 495 688 superis
509 625 640 674 concessit
648 625 679 674 ab
694 626 754 686 oris,

78 715 288 764 adflictnsvitam
299 715 327 763 in
341 714 458 763 tenebris
466 715 589 777 luctuque
602 715 736 764 trahebam

80 811 106 854 et
118 819 206 853 casum
219 804 332 852 insontis-
342 818 444 852 mecum
456 802 612 865 indignabar
625 804 711 852 amici.

78 907 128 942 neo
141 893 209 942 tacui
224 893 328 941 demens
340 899 366 940 et
378 906 428 951 me,
443 891 495 940 sors
509 892 584 955 siqua
597 893 704 951 tulisset,

26 986 59 1030 95
79 981 101 1029 si
113 981 212 1044 patrios
225 996 348 1044 umquam
361 981 610 1029 remeassemvictor
623 981 654 1029 ad
668 982 763 1043 Argos,

79 1069 186 1133 promisi
200 1070 311 1118 ultorem
324 1077 349 1118 et
360 1069 443 1118 verbis
457 1070 517 1118 odia
530 1083 622 1132 aspera
634 1070 711 1117 movi.

80 1159 140 1207 hinc
153 1157 216 1206 mihi
230 1158 314 1220 prima
325 1158 388 1206 mali
401 1158 480 1218 labes,
496 1159 558 1206 hino
570 1172 670 1221 semper
682 1157 776 1207 Ulixes

80 1246 229 1296 criminibus
243 1247 431 1306 terreremus,
447 1248 508 1296 hinc
522 1261 643 1310 spargere
655 1261 730 1296 voces

78 1337 106 1384 in
118 1335 223 1398 volgum
237 1335 371 1398 ambiguas
385 1344 410 1384 et
423 1350 547 1400 quaerere
559 1336 677 1384 conscius
691 1351 771 1385 arma.

10 1430 59 1475 100
78 1439 127 1473 nec
145 1425 269 1488 requievit
286 1425 369 1484 enim,
390 1425 473 1474 donec
487 1423 630 1474 Calchante
643 1425 760 1473 ministro
774 1451 809 1460 —

79 1513 124 1562 sed
145 1513 206 1577 qnid
226 1528 274 1576 ego
293 1513 358 1562 haec
377 1520 463 1561 autem
481 1514 639 1576 nequiquam
655 1513 758 1576 ingrata
770 1527 809 1562 re·

380 1601 473 1651 volvo?

80 1690 175 1755 quidve
191 1705 293 1750 moror,
313 1690 334 1738 si
348 1691 432 1738 omnis
445 1705 497 1738 uno
511 1691 603 1740 ordine
615 1691 715 1741 habetis
728 1691 809 1741 Achi-

381 1794 425 1827 vos

79 1868 159 1931 idque
172 1869 262 1917 audire
274 1876 314 1916 sat
326 1868 380 1917 est?
404 1868 548 1916 iendudum
561 1868 653 1917 sumite
668 1881 780 1931 poenas:

78 1957 130 2006 hoo
142 1957 246 2006 Ithacus
259 1957 321 2006 velit
334 1964 359 2006 et
371 1971 467 2019 magno
479 1963 625 2005 mercentur
637 1956 766 2006 Atridae?

10 2052 58 2097 105
115 2045 183 2094 lum
195 2060 254 2095 vero
268 2046 388 2094 ardemus
400 2046 488 2094 scitari
501 2053 527 2094 et
539 2059 662 2109 quaerere
675 2060 776 2106 creusae,¹

78 2135 163 2197 ignari
177 2135 303 2184 scelerum
315 2141 447 2183 tantorum
461 2135 574 2197 artisque
586 2134 720 2197 Pelasgae.

78 2224 244 2288 prosequitur
254 2223 373 2286 pavitans
387 2229 412 2272 et
424 2223 484 2272 ficto
497 2231 600 2286 pectore
612 2223 688 2272 fatur.

111 2301 207 2376 ‘Saepe
219 2312 308 2375 fugam
320 2311 407 2361 Danai
420 2312 501 2361 Troia
513 2313 617 2375 cupiere
629 2312 720 2361 relicta

77 2401 168 2450 moliri
179 2408 205 2450 et
216 2401 297 2464 longo
310 2401 370 2450 fessi
384 2402 515 2451 discedere
528 2401 611 2450 bellos

10 2497 58 2542 llo
78 2490 253 2554 fecissentque
265 2490 380 2538 utinaml
401 2505 480 2553 saepe
490 2490 551 2539 illes
565 2489 743 2553 asperapontl

77 2578 224 2628 interclusit
235 2579 318 2652 hiems
331 2587 357 2628 et
369 2579 464 2628 terruit*
472 2585 558 2628 auster
570 2578 668 2637 euntis3

77 2667 218 2734 praecipue
231 2683 289 2719 cum
301 2667 353 2716 iam
366 2668 410 2718 hic
422 2667 548 2718 trabibus.
559 2662 830 2718 contextueaoerriu

601 2743 669 2800 n*
