1816 2956
76 187 134 234 136
311 195 337 234 Ρ.
354 193 476 234 VERGILI
495 192 626 233 MARONIS

142 352 313 415 nympharum
326 352 426 400 domus.
462 351 505 400 hic
518 351 597 400 fessus
610 366 664 400 non
676 352 780 401 vincula
792 367 870 402 naves

141 441 197 490 ulle
208 447 304 500 tenent,
320 454 388 489 unco
400 454 454 488 non
468 441 558 503 alligat
570 455 666 489 encore
678 456 774 489 morsu.

73 532 123 578 llo
141 529 192 578 huc
204 536 302 592 septem
313 529 416 578 Aeneas
431 530 544 578 collectis
557 529 664 578 novibus
679 530 749 578 omni

142 632 174 666 ex
187 632 293 666 numero
306 617 383 676 subit,
398 632 429 666 uo
441 632 537 680 magno
550 619 649 666 telluris
663 633 750 667 amore

141 707 236 768 egressi
249 712 338 770 optutu
349 707 483 770 potiuntur
495 707 575 755 Troes
589 707 686 755 herena

141 803 166 843 et
178 796 232 845 sale
245 795 355 844 tabentis
368 803 437 844 artus
450 795 478 842 in
491 795 565 844 litore
578 802 687 858 ponunt.

141 897 172 932 oc
183 883 295 946 primum
307 884 373 933 silici
387 884 525 932 scintillam
538 884 643 933 excudit
654 883 768 932 Achates

73 974 121 1020 175
141 973 305 1036 succepitque
318 972 405 1034 ignom
418 971 487 1021 foliis
501 980 578 1036 utque
592 973 665 1021 arida
678 973 775 1021 circum

141 1061 298 1110 nutrimentu
310 1061 381 1110 dedit
393 1061 529 1124 rapuitque
542 1061 569 1110 in
582 1062 671 1109 fomite
684 1061 823 1108 flammam.

141 1156 196 1197 tum
209 1148 329 1199 Cererem
341 1157 489 1212 corruptam
501 1150 577 1198 undis
592 1149 761 1212 Cerealiaque
774 1164 846 1198 srmu

141 1239 281 1301 expediunt
292 1239 352 1287 fessi
365 1252 450 1286 rerum
463 1238 602 1302 frugesque
615 1245 730 1302 receptos

141 1334 166 1375 et
178 1334 274 1376 torrere
285 1335 379 1390 parunt
391 1327 500 1374 flammis
513 1334 539 1376 et
550 1327 668 1389 frangere
681 1342 754 1376 sexo.

73 1419 133 1463 180'
176 1417 277 1464 Aeneas
290 1416 425 1479 scopulum
442 1416 539 1464 intereo
557 1417 706 1465 conscendit
722 1422 747 1465 et
764 1431 870 1464 omnem

140 1512 303 1568 prospectum
315 1505 367 1552 lete
379 1505 474 1567 pelugo
488 1505 559 1567 petit,
574 1504 679 1553 Anthea
691 1504 792 1566 siquem

140 1593 263 1642 iactatum
275 1600 350 1642 vento
363 1593 449 1641 videat
461 1593 638 1657 Phrygiusque
651 1592 764 1652 biremis,

140 1690 185 1730 eut
198 1681 288 1745 Capyn
301 1689 346 1730 aut
358 1682 432 1730 celsis
446 1682 473 1729 in
486 1683 614 1745 puppibus
628 1698 699 1730 armo
714 1680 795 1730 Caici.

140 1785 230 1820 navem
243 1771 269 1818 in
283 1777 423 1833 conspectu
436 1771 544 1829 nullam,
560 1771 605 1819 tris
619 1772 694 1819 litore
708 1785 795 1818 cervos

72 1863 119 1908 185
140 1859 263 1922 prospicit
276 1858 399 1919 errantis3
420 1859 467 1907 hos
481 1865 535 1906 tots
547 1867 664 1908 armenta
676 1867 797 1908 secuntur

140 1963 155 1995 a
167 1955 239 2009 tergo
252 1954 277 1995 et
289 1947 396 2009 longum
409 1963 455 2011 per
467 1948 540 1995 vallis
553 1949 666 2010 poscitur
680 1963 781 2010 agmen.

139 2036 255 2084 constitit
266 2036 309 2085 hic
322 2051 461 2099 arcumque
474 2051 552 2083 manu
566 2037 707 2100 celerisque
720 2038 828 2098 sagittas

139 2125 272 2187 corripuit,
288 2125 353 2174 fidus
368 2140 435 2188 quae
447 2126 500 2173 tela
511 2124 618 2186 gerebat
629 2126 752 2184 Achates,

140 2214 311 2277 ductoresque
324 2215 393 2276 ipsos
406 2215 526 2276 primum,
543 2214 628 2277 capitu
640 2215 694 2262 altu
706 2214 815 2262 ferentes

71 2306 119 2349 190
139 2303 260 2351 cornibus
274 2303 397 2362 arboreis,
412 2303 511 2361 sternit,
527 2309 581 2349 tunt
593 2303 685 2364 volgus
699 2309 723 2351 et
736 2317 841 2352 omncm

138 2391 229 2440 miscet
242 2405 321 2453 agens
334 2392 391 2440 telis
405 2405 510 2439 nemora
522 2391 589 2438 inter
602 2391 710 2440 frondea
723 2392 835 2452 turbam,

138 2494 185 2528 nec
198 2479 269 2542 prius
283 2478 385 2527 absistit
397 2494 476 2543 quam
488 2487 586 2542 septem
599 2480 715 2542 ingentia
727 2481 808 2529 victor

139 2582 248 2631 corpora
267 2567 358 2616 fundat
375 2569 447 2617 humi
469 2576 495 2617 et
517 2583 653 2616 numerum
677 2585 736 2618 cum
759 2571 868 2621 navibus

439 2663 540 2722 aequet.
