1816 2956
253 198 398 236 nsnnrnos
417 197 503 235 nisan
520 198 561 235 xr.
743 189 803 236 459

81 364 218 416 postquam
231 354 379 415 introgressi
395 363 418 401 et
432 369 519 401 coram
533 354 593 402 data
607 354 683 415 eopia
695 352 775 408 fandi,

81 458 187 490 munera
200 443 375 505 praeferimus,
392 457 485 489 nornen
499 442 660 504 patriamque
674 443 805 497 docemus,

35 538 61 580 50
81 533 124 594 qui
138 533 235 579 bollum
245 532 387 588 intulerint,
403 545 469 592 quae
480 546 558 579 causa
568 531 703 579 attraxerit
709 531 804 592 Arpos.

80 621 173 669 auditis
186 621 231 668 ille
244 620 308 667 haec
322 619 426 681 placido
439 619 476 667 sic
489 619 601 667 reddidit
614 634 665 668 ore.

79 710 103 756 ‘0
117 709 262 755 fortunatae
275 715 373 768 gentes,
390 706 511 756 Saturnia
524 721 613 768 regna,

81 797 180 857 antiqui
193 796 313 852 Ausonii,
329 810 395 857 quae
410 810 453 843 vos
467 796 571 843 fortuna
584 794 685 857 quietos

80 885 203 932 sollicitat
214 885 355 945 suadetque
368 884 458 944 ignota
472 886 596 932 lacessere
610 883 696 931 bella?

35 977 60 1019 55
81 973 236 1034 quionmqne
249 973 343 1020 Iliacos
358 973 424 1020 ferro
438 973 589 1020 violavimus
603 986 678 1034 agros

81 1059 166 1121 (mitto
186 1075 216 1108 ea
230 1076 296 1122 quae
310 1061 388 1108 muris
402 1061 524 1109 bellando
538 1061 663 1109 exhausta
676 1059 723 1107 sub
737 1060 805 1117 altis,

81 1163 146 1210 <quos
160 1148 254 1195 Simois
267 1157 367 1211 premat
379 1150 424 1197 ille
437 1149 516 1212 viros)
530 1149 637 1197 infanda
649 1164 695 1212 per
707 1148 796 1197 orbem

80 1237 207 1298 supplicia
221 1245 245 1283 et
258 1237 384 1284 scelerum
397 1253 493 1299 poenas
506 1238 676 1300 expendimus
689 1252 787 1294 omnes,
818 1239 819 1242 ’

81 1327 120 1373 vel
134 1325 237 1372 Priamo
250 1326 396 1373 miseranda
408 1341 514 1374 manus:
537 1327 585 1374 scit
597 1326 668 1374 triste
678 1326 808 1374 Minervae

35 1421 61 1462 30
81 1415 151 1463 sidus
166 1423 190 1462 et
202 1413 333 1462 Euboicae
347 1422 434 1462 cautes
447 1414 567 1477 ultorque
582 1413 740 1476 Caphereus.

81 1505 174 1551 militia
187 1518 218 1551 ex
232 1503 277 1551 illa
290 1503 417 1551 diversum
431 1504 462 1551 ad
477 1504 537 1551 litus
550 1502 635 1551 abacti

81 1594 184 1640 Atrides
198 1592 283 1640 Protei
297 1593 429 1640 Menelaus
443 1593 558 1654 adusque
572 1592 705 1640 columnas

82 1682 178 1738 exulat,
194 1683 324 1729 Aetnaeos
337 1681 400 1728 vidit
413 1679 541 1743 Cyclopas
554 1681 652 1728 Ulixes.

81 1783 161 1829 regna
174 1769 335 1830 Neoptolemi
348 1768 457 1816 referam
470 1783 607 1830 versosque
620 1777 726 1830 penates

35 1862 61 1904 35
82 1857 230 1904 Idomenei?
249 1856 381 1918 Libycone
394 1857 539 1904 habitantes
552 1857 626 1905 litore
639 1857 753 1906 Locros?

82 1945 136 2007 ipse
149 1945 304 2006 Mycenaeus
317 1959 471 2005 magnorum
485 1946 576 1993 ductor
588 1945 715 1993 Achivom

82 2033 200 2093 coniugis
213 2032 336 2080 infandae
349 2034 432 2095 prima
445 2033 513 2081 intra
526 2034 616 2082 limina
629 2035 719 2083 dextra

83 2121 199 2184 oppetiit,
216 2122 342 2169 devictam
354 2122 444 2168 Asiam
458 2122 572 2170 subsedit
585 2124 701 2172 adulter„

82 2210 203 2257 invidisse
217 2211 278 2257 deos
291 2209 381 2271 patriis
394 2216 422 2256 ut
435 2210 549 2258 redditus
564 2210 614 2257 aris

35 2304 62 2346 ,Ὃ
83 2298 232 2358 coniugium
252 2305 367 2360 optatum
387 2306 412 2346 et
430 2297 564 2360 pulchram
584 2297 719 2361 Calydona
741 2301 809 2348 ride·

383 2386 455 2433 remi

82 2475 242 2521 nuncetiam
256 2474 372 2521 horribili
386 2473 441 2520 visu
454 2481 573 2536 portenta
585 2484 706 2523 secuntur

83 2569 107 2609 et
120 2563 182 2610 socii
197 2563 282 2610 amissi
295 2563 426 2626 petierunt
439 2563 548 2614 aethera
558 2563 653 2625 pinnis

70 2649 275 2714 fluminibusque
288 2664 424 2718 vagantur
438 2671 504 2706 aves
517 2655 591 2718 (heu
603 2651 669 2698 dira
678 2648 816 2691 mmmm
