1816 2956
273 180 421 220 Anamnos
436 180 523 219 nisan
540 181 592 218 vn.
768 170 829 217 327

52 346 84 388 95
137 330 247 397 ‘Dicite,
272 337 440 386 Dardanidae
459 336 555 399 (neque
574 338 642 384 enim
662 337 790 385 nescimus
810 345 835 385 et

407 426 496 474 urbem

104 525 128 565 et
141 531 222 578 genus
236 515 369 578 auditique
382 515 512 563 advertitis
526 529 638 577 aequoie
652 516 777 578 cursum),

104 606 165 668 quid
179 604 283 668 petitis?
304 618 370 667 qnae
384 618 462 651 causa
474 611 542 652 rates
556 611 600 651 aut
614 604 685 652 cuius
699 612 804 666 egentes

103 693 163 742 litus
178 695 210 741 ad
224 693 371 740 Ausonium
384 699 421 739 tot
434 693 558 754 pervade
571 692 675 740 caerula
687 692 773 741 vexit?

103 784 155 831 sive
169 797 255 831 errore
268 782 324 829 viae
338 796 381 829 seu
395 781 590 844 tempestatibus
603 782 663 840 acti,

50 878 83 920 00
104 872 193 935 qualia
205 872 288 919 multa
301 871 364 918 maii
379 876 473 918 nautae
486 871 620 933 patiuntur
632 870 659 917 in
673 870 735 928 alto,

102 960 214 1008 fluminis
228 959 342 1007 intrastis
355 959 424 1021 iipas
437 966 565 1022 portuque
578 958 681 1017 sedetis,

102 1064 134 1097 ne
147 1049 227 1110 fugite
240 1048 379 1110 hospitium
393 1062 455 1095 neve
468 1047 587 1109 ignorate
600 1047 708 1095 Latinos

102 1136 207 1186 Saturni
220 1143 337 1198 gentem,
352 1136 421 1184 haud
435 1136 520 1185 vinclo
534 1151 581 1184 nec
594 1135 695 1198 legibus
710 1150 828 1197 aequam,

101 1235 193 1289 sponte
207 1241 253 1274 sua
266 1226 409 1288 veterisque
423 1226 463 1273 dei
477 1240 504 1273 se
517 1240 589 1273 more
601 1231 739 1273 tenentem.

49 1320 81 1363 05
101 1321 178 1377 atque
191 1314 311 1377 equidem
325 1315 428 1362 memini
443 1313 525 1376 (sama
538 1321 575 1362 est
593 1313 726 1361 obscurior
744 1312 830 1374 annis)

100 1405 238 1452 Auruncos
252 1404 288 1451 ita
301 1404 366 1452 ferre
379 1418 461 1461 senes,
477 1402 517 1450 his
530 1408 600 1450 ortus
615 1409 643 1449 ut
655 1402 723 1463 agris

101 1492 239 1540 Dardanus
252 1493 343 1540 Idaeas
357 1492 485 1554 Pbrygiae
498 1491 639 1554 penetrarit
651 1492 684 1538 ad
698 1491 772 1539 urbes

101 1581 299 1643 Threiciamque
307 1581 412 1639 Samon,
429 1595 495 1643 quae
508 1595 576 1628 nunc
590 1579 769 1628 Samothracia
783 1580 831 1629 fer-

403 1678 452 1716 tur.

101 1756 161 1804 hinc
175 1757 248 1804 illum
263 1756 370 1819 Corythi
383 1758 517 1819 'Pyrrhena
530 1758 561 1804 ab
576 1758 636 1805 sede
648 1757 792 1820 proiectum

52 1851 82 1892 10
104 1859 181 1893 aurea
196 1860 263 1891 nunc
276 1845 342 1893 solio
356 1846 483 1893 stellantis
496 1846 568 1907 aegia
582 1846 646 1894 caeli

101 1933 195 1995 accipit
209 1941 233 1980 et
246 1947 381 1980 numeram
395 1933 510 1981 divorum
524 1934 648 1982 alteribus
662 1925 753 1983 addit?

136 2021 254 2080 Dixerat,
270 2029 295 2069 et
308 2021 376 2069 dicta
389 2022 503 2070 Ilioneus
516 2024 553 2072 sic
566 2038 628 2072 voce
640 2032 751 2072 secutus.

98 2100 163 2169 ⁸rex,
178 2126 260 2173 genus
274 2111 406 2173 egregium
419 2112 510 2171 Fauni,
527 2127 574 2161 nec
586 2113 704 2161 fiuctibus
718 2120 788 2162 actos

102 2208 157 2248 atra
170 2200 272 2262 subegit
284 2200 366 2248 hiems
379 2201 468 2248 vestris
482 2203 619 2250 succedere
632 2203 705 2250 terris

50 2294 80 2336 15
100 2304 148 2337 nec
160 2290 231 2338 sidus
245 2291 350 2352 regione
363 2291 419 2338 viae
432 2291 522 2338 litusve
536 2290 640 2358 fefellit3

101 2379 210 2426 consilio
224 2378 292 2427 banc
305 2394 394 2427 omnes
407 2380 551 2443 animisque
564 2381 708 2430 volentibus
722 2381 811 2428 urbem

101 2467 249 2527 auferimur,
265 2469 333 2531 pulsi
346 2469 432 2530 regnis
446 2483 513 2531 quae
525 2470 640 2517 maxima
653 2469 785 2531 quondam

101 2564 215 2604 extremo
228 2557 333 2605 veniens
347 2555 392 2604 Sol
406 2557 547 2620 aspiciebat
560 2557 681 2620 Olympo.

101 2644 133 2693 ab
146 2644 207 2693 Iove
219 2644 375 2708 principium
388 2646 498 2706 generis,
513 2646 575 2694 Iove
586 2645 719 2693 Deciana
726 2644 818 2704 pubes
