1816 2956
365 188 450 230 Clnls.

75 356 129 396 tum
142 363 267 410 suspensa
280 349 367 396 levans
381 348 468 407 digitis
481 347 588 407 vestigia
602 347 690 408 primis

77 439 207 499 egreditur
220 438 338 498 ferroque
351 451 443 483 manus
457 444 557 484 armata
570 436 666 483 bidenti

75 528 176 586 evolat3
191 533 217 574 at
230 527 349 587 demptae
362 525 446 573 subita
459 525 487 572 in
500 525 637 573 formidine
649 525 723 572 vires.

27 622 54 666 15
75 617 207 664 caeruleas
220 629 268 662 suu
280 614 348 662 surta
361 614 431 676 prius
445 621 552 662 testatur
566 614 598 660 ad
612 614 725 660 umbras.

75 720 144 763 narn,
160 718 251 766 quase
264 703 297 750 ad
311 703 422 764 patrium
437 702 558 751 tendebat
571 703 664 750 semita
677 702 766 760 limen,

75 793 201 841 vestibulo
215 793 240 838 in
255 791 362 839 thalami
376 792 492 853 paullum
506 798 649 838 remoratur
662 798 687 839 et
700 791 751 839 alte

74 881 182 943 suspicit
194 881 227 928 ad
241 881 302 927 celsi
317 880 442 927 nictantia
455 880 540 927 sidera
553 880 652 936 mundi,

74 984 128 1016 non
141 978 247 1030 accepta
260 969 308 1032 piis
322 969 473 1031 promittens
487 983 593 1016 munera
607 968 679 1015 clivis.

27 1064 55 1107 lo
111 1055 196 1116 Quam
209 1058 285 1105 simul
300 1058 394 1119 Ogygii
408 1057 545 1104 Phoenicis
560 1057 614 1103 lilia
628 1055 720 1104 Carme

74 1159 179 1207 surgere
192 1147 272 1221 sensit
285 1162 349 1193 antis
364 1145 488 1208 (sonitum
501 1160 562 1192 nam
575 1146 670 1193 fecerat
682 1146 721 1193 illi

74 1249 218 1282 marmoreo
232 1242 333 1282 aeratus
347 1235 456 1282 stridens
470 1234 496 1281 in
511 1234 599 1281 limine
613 1235 713 1296 cardo),

75 1323 182 1385 corripit
194 1304 323 1385 extemplo
338 1323 431 1371 sessum
445 1324 570 1381 languore
584 1323 697 1384 puellam

74 1419 101 1459 et
112 1411 188 1459 simul
199 1400 226 1458 ‘o
240 1411 314 1458 nobis
328 1427 428 1459 seierum
443 1403 527 1473 eupnt'
541 1412 625 1473 inquit
636 1411 760 1470 ‘alumna

27 1505 54 1549 25
75 1514 129 1547 nou
142 1499 187 1547 tibi
201 1499 360 1561 nequiquam
373 1500 460 1547 viridis
474 1515 520 1561 per
533 1501 629 1548 viscera
642 1501 728 1563 pallor

74 1595 193 1649 aegrotas
207 1588 277 1636 tenui
291 1589 398 1636 sull'ndit
410 1589 536 1650 sunguine
550 1603 626 1636 venas

75 1690 123 1725 nec
142 1677 203 1724 levis
216 1677 266 1727 hoe
286 1676 381 1724 laceres
396 1677 491 1739 (neque
504 1678 573 1725 enim
586 1678 657 1741 pote)
672 1693 733 1727 cura
745 1679 804 1726 sub-

377 1767 437 1826 egit.

73 1853 143 1901 haud
158 1854 235 1901 l'allor
249 1854 330 1916 (quod
345 1862 373 1901 ut
384 1855 501 1916 opotius‚
516 1855 684 1912 Rhamnusia,
698 1853 800 1919 sallar):

75 1956 135 1990 nam
148 1958 199 2004 qna
213 1950 237 1990 te
251 1958 329 1991 causa
342 1958 389 1991 nec
403 1943 485 1991 duleis
498 1944 593 2005 pocula
605 1943 702 1992 Bacchi

27 2034 55 2079 lo
74 2044 122 2079 nec
135 2032 255 2092 gravidos
270 2030 370 2079 Cereris
384 2032 469 2079 dicam
482 2033 631 2092 contingere
644 2032 718 2089 fetus,

74 2134 126 2180 qua
139 2135 217 2168 causa
231 2121 261 2167 ml
277 2121 388 2182 patrium
401 2122 484 2168 solam
498 2121 605 2182 vigilare
618 2120 711 2178 cubile,

74 2215 189 2270 tempore
202 2224 254 2270 quo
267 2209 347 2257 fessas
360 2209 481 2256 mortalia
493 2217 598 2271 pectora
612 2223 694 2266 curas,

74 2310 126 2357 quo
139 2297 244 2359 rapidos
258 2297 335 2345 etiam
348 2297 512 2359 requiescunt
524 2297 630 2345 flumina
644 2296 750 2345 cursus?

73 2384 115 2432 die
129 2399 177 2446 age
190 2401 259 2434 nunc
271 2387 379 2434 miserae
392 2387 491 2444 saltem,
508 2387 577 2449 quod
591 2401 667 2447 saepe
681 2385 776 2448 petenti

27 2477 55 2521 ³5
74 2473 179 2522 iurabas
193 2473 256 2520 nihil
270 2488 324 2522 csse
338 2474 410 2531 mihi,
427 2489 472 2521 cnr
484 2482 582 2523 maesta
595 2475 709 2536 parentis

73 2562 200 2609 formosos
214 2562 309 2610 circum
323 2561 395 2623 virgo
409 2577 538 2611 remorare
552 2563 677 2624 capillos?

73 2649 202 2709 heimini,
218 2666 250 2698 ne
264 2651 334 2698 furor
347 2652 391 2699 illc
405 2658 461 2698 tuos
475 2651 596 2699 invaserit
607 2659 686 2712 artus,
