1816 2956
65 165 127 213 330
306 176 331 214 a.
350 175 469 214 vuasrm
490 174 622 214 uaaoars

135 347 229 381 nornen
243 333 270 379 in
284 339 353 380 astra
365 332 456 379 ferant.
484 331 553 379 hunc
567 333 640 380 iilum
655 347 763 395 poscere
778 334 835 384 fata

134 429 160 470 et
171 435 230 470 reor
243 428 276 480 et,
292 420 376 484 siquid
390 422 442 470 veri
456 435 528 469 mens
542 427 660 482 augurat,
676 415 758 485 opt0.'

134 510 199 558 haec
212 509 303 558 effatus
316 526 397 573 equos
411 524 518 558 numero
532 517 605 573 pater
618 510 691 571 eligit
704 512 788 560 omni.

63 602 114 647 275
134 599 238 646 stabant
249 606 288 647 ter
301 606 403 647 centum
417 599 491 646 nitidi
505 599 532 645 in
545 599 712 661 praesepibus
726 600 799 649 altis.

134 688 255 736 omnibus
268 689 399 750 extempio
412 688 518 736 Teucris
531 687 603 735 iubet
616 688 706 736 ordine
720 688 781 736 duci

133 777 255 826 instratos
269 784 339 825 ostro
352 777 466 840 alipedes
480 776 607 839 pictisque
621 777 713 839 tapetis

134 865 225 930 (aurea
237 865 384 930 pectoribus
398 866 508 914 demissa
521 866 630 914 monilia
643 867 767 928 pendent,

133 956 193 1004 tecti
207 970 270 1004 auro
283 955 381 1003 fulvom
394 956 522 1002 mandunt
534 954 581 1002 sub
595 954 715 1002 dentibus
729 959 847 1019 narrum).

63 1050 115 1093 280
135 1044 235 1094 absenti
248 1045 353 1092 Aeneae
366 1059 469 1091 currum
482 1044 652 1105 geminosque
665 1044 761 1104 iugalis

134 1134 232 1182 semine
245 1132 276 1180 ab
291 1132 414 1190 aetherio,
430 1132 551 1194 spirantis
564 1132 669 1180 naribus
682 1133 781 1193 ignem.

132 1222 238 1271 illorum
251 1223 371 1283 degente
384 1221 451 1284 patri
465 1236 529 1284 quos
544 1221 654 1269 daedala
667 1220 743 1269 Circe

134 1310 267 1373 supposita
280 1311 312 1359 de
325 1317 407 1358 matre
420 1310 513 1358 nothos
527 1311 612 1358 furata
625 1311 728 1358 creavit.

133 1399 229 1448 talibus
242 1401 382 1448 Aeneadae
396 1399 471 1447 donis
484 1400 610 1461 dictisque
623 1399 708 1447 Latiui

62 1493 113 1536 285
134 1487 256 1536 sublimes
269 1489 296 1536 in
310 1487 383 1550 equis
396 1489 504 1536 redeunt
517 1503 659 1551 pacemque
672 1497 817 1551 reportant.

168 1577 235 1626 Ecce
248 1585 334 1626 autem
347 1577 459 1625 Inachiis
473 1592 528 1626 sese
541 1578 667 1625 rescrebat
681 1577 712 1624 ab
726 1578 807 1639 Argis

133 1682 209 1714 saeva
221 1667 288 1714 Iovis
303 1666 416 1714 coniunx
429 1681 557 1728 aurasque
571 1666 671 1714 inrecta
685 1666 790 1714 tenebat

134 1763 158 1804 et
170 1756 267 1804 laetum
280 1757 388 1804 Aenean
402 1756 562 1816 classemque
575 1770 607 1802 ex
621 1755 723 1802 aethere
737 1755 820 1817 longe

132 1845 294 1893 Dardaniam
307 1842 395 1892 Siculo
409 1844 541 1906 prospexit
554 1844 584 1890 ab
600 1857 680 1905 usquc
693 1842 831 1905 Pachyno.

60 1939 113 1982 290
132 1933 218 1981 moliri
232 1934 284 1980 iam
297 1941 365 1981 tecta
377 1933 454 1990 videt,
470 1933 522 1980 iarn
536 1933 614 1980 iidcrc
627 1940 718 1988 terrae,

132 2023 276 2070 deseruisse
288 2029 364 2070 rates.
393 2022 461 2070 stetit
475 2022 528 2069 acri
542 2022 594 2068 fixa
608 2022 705 2069 dolore.

132 2118 187 2158 turn
201 2126 326 2174 quassans
340 2119 418 2174 caput
430 2111 494 2158 haec
508 2111 615 2158 effundit
629 2118 732 2171 pectore
747 2111 829 2160 dicta.

130 2190 191 2248 ‘heu
205 2201 310 2263 stirpem
322 2200 432 2248 invisam
446 2207 470 2247 et
483 2199 541 2246 fatis
556 2198 685 2247 contraria
698 2199 794 2246 uostris

133 2289 187 2337 sata
199 2289 345 2352 Phrygum!
366 2303 426 2336 num
443 2287 526 2349 Sigeis
541 2289 692 2336 occumbere
706 2289 816 2351 campis,

63 2383 114 2426 295
134 2393 196 2426 num
210 2379 277 2442 capti
292 2384 398 2441 potuere
412 2377 487 2440 capi?
507 2393 567 2424 amn
581 2378 686 2425 incensa
699 2379 826 2427 cremavit

131 2467 211 2517 Troia
225 2467 310 2517 viros?
328 2466 427 2516 medias
441 2467 508 2514 acies
522 2466 672 2528 mediosque
685 2480 730 2527 per
743 2465 820 2527 ignes

114 2558 244 2612 invenere
260 2562 342 2612 viam.
373 2568 409 2623 at,
427 2559 519 2617 credo,
534 2572 595 2605 mea
606 2554 836 2600 naminananuem

100 2648 179 2704 sessa
194 2655 300 2722 iacent,
320 2657 396 2709 odiis
414 2661 465 2707 aut
477 2653 628 2704 examinata
640 2638 738 2705 qudem.
