<?xml version="1.0" encoding="UTF-8"?>
<!DOCTYPE html PUBLIC "-//W3C//DTD XHTML 1.0 Transitional//EN"
    "http://www.w3.org/TR/xhtml1/DTD/xhtml1-transitional.dtd">
<html xmlns="http://www.w3.org/1999/xhtml" xml:lang="en" lang="en">
 <head>
  <title>
</title>
<meta http-equiv="Content-Type" content="text/html;charset=utf-8" />
  <meta name='ocr-system' content='tesseract 3.04.00' />
  <meta name='ocr-capabilities' content='ocr_page ocr_carea ocr_par ocr_line ocrx_word'/>
</head>
<body>
  <div class='ocr_page' id='page_1' title='image "./pvergiliusmaro01virggoog_0061.png"; bbox 0 0 1816 2956; ppageno 0'>
   <div class='ocr_carea' id='block_1_1' title="bbox 87 379 639 429">
    <p class='ocr_par' dir='ltr' id='par_1_1' title="bbox 87 379 639 429">
     <span class='ocr_line' id='line_1_1' title="bbox 87 379 639 429; baseline -0.005 0"><span class='ocrx_word' id='word_1_1' title='bbox 87 379 124 429; x_wconf 75' lang='lat'>52</span> <span class='ocrx_word' id='word_1_2' title='bbox 324 388 350 428; x_wconf 80' lang='lat' dir='ltr'>r.</span> <span class='ocrx_word' id='word_1_3' title='bbox 366 385 489 428; x_wconf 80' lang='lat' dir='ltr'>vanam</span> <span class='ocrx_word' id='word_1_4' title='bbox 508 384 639 427; x_wconf 76' lang='lat' dir='ltr'>meurs</span> 
     </span>
    </p>
   </div>
   <div class='ocr_carea' id='block_1_2' title="bbox 81 543 885 2912">
    <p class='ocr_par' dir='ltr' id='par_1_2' title="bbox 81 543 885 2912">
     <span class='ocr_line' id='line_1_2' title="bbox 156 543 791 609; baseline -0.006 -15"><span class='ocrx_word' id='word_1_5' title='bbox 156 545 286 609; x_wconf 81' lang='lat' dir='ltr'>puppibus</span> <span class='ocrx_word' id='word_1_6' title='bbox 299 550 325 594; x_wconf 90' lang='lat' dir='ltr'>et</span> <span class='ocrx_word' id='word_1_7' title='bbox 336 543 398 593; x_wconf 88' lang='lat' dir='ltr'>laeti</span> <span class='ocrx_word' id='word_1_8' title='bbox 411 550 506 592; x_wconf 85' lang='lat' dir='ltr'>nautae</span> <span class='ocrx_word' id='word_1_9' title='bbox 518 543 656 606; x_wconf 76' lang='lat' dir='ltr'>inposuere</span> <span class='ocrx_word' id='word_1_10' title='bbox 669 556 791 591; x_wconf 87' lang='lat' dir='ltr'>coronas.</span> 
     </span>
     <span class='ocr_line' id='line_1_3' title="bbox 86 631 885 695; baseline -0.008 -11"><span class='ocrx_word' id='word_1_11' title='bbox 86 640 137 684; x_wconf 78' lang='lat'>³05</span> <span class='ocrx_word' id='word_1_12' title='bbox 157 634 201 683; x_wconf 89' lang='lat' dir='ltr'>sed</span> <span class='ocrx_word' id='word_1_13' title='bbox 209 639 328 683; x_wconf 88' lang='lat' dir='ltr'>tamenet</span> <span class='ocrx_word' id='word_1_14' title='bbox 337 647 448 695; x_wconf 89' lang='lat' dir='ltr'>quernas</span> <span class='ocrx_word' id='word_1_15' title='bbox 459 631 568 694; x_wconf 82' lang='lat' dir='ltr'>glandes</span> <span class='ocrx_word' id='word_1_16' title='bbox 579 637 635 678; x_wconf 89' lang='lat' dir='ltr'>tum</span> <span class='ocrx_word' id='word_1_17' title='bbox 645 631 773 694; x_wconf 83' lang='lat' dir='ltr'>stringere</span> <span class='ocrx_word' id='word_1_18' title='bbox 786 638 885 695; x_wconf 84' lang='lat' dir='ltr'>tempus</span> 
     </span>
     <span class='ocr_line' id='line_1_4' title="bbox 157 721 778 783; baseline -0.005 -12"><span class='ocrx_word' id='word_1_19' title='bbox 157 730 182 772; x_wconf 86' lang='lat' dir='ltr'>et</span> <span class='ocrx_word' id='word_1_20' title='bbox 194 722 260 771; x_wconf 87' lang='lat' dir='ltr'>lauri</span> <span class='ocrx_word' id='word_1_21' title='bbox 273 721 350 770; x_wconf 90' lang='lat' dir='ltr'>bacas</span> <span class='ocrx_word' id='word_1_22' title='bbox 363 721 501 783; x_wconf 83' lang='lat' dir='ltr'>oleamque</span> <span class='ocrx_word' id='word_1_23' title='bbox 514 725 672 782; x_wconf 89' lang='lat' dir='ltr'>cruentaque</span> <span class='ocrx_word' id='word_1_24' title='bbox 683 727 778 783; x_wconf 85' lang='lat' dir='ltr'>myrta,</span> 
     </span>
     <span class='ocr_line' id='line_1_5' title="bbox 157 808 769 874; baseline -0.005 -15"><span class='ocrx_word' id='word_1_25' title='bbox 157 819 212 859; x_wconf 89' lang='lat' dir='ltr'>tum</span> <span class='ocrx_word' id='word_1_26' title='bbox 224 810 331 873; x_wconf 80' lang='lat' dir='ltr'>gruibus</span> <span class='ocrx_word' id='word_1_27' title='bbox 344 810 449 874; x_wconf 90' lang='lat' dir='ltr'>pedicas</span> <span class='ocrx_word' id='word_1_28' title='bbox 463 814 488 857; x_wconf 90' lang='lat' dir='ltr'>et</span> <span class='ocrx_word' id='word_1_29' title='bbox 500 808 565 857; x_wconf 90' lang='lat' dir='ltr'>retia</span> <span class='ocrx_word' id='word_1_30' title='bbox 577 822 674 871; x_wconf 88' lang='lat' dir='ltr'>ponere</span> <span class='ocrx_word' id='word_1_31' title='bbox 688 808 769 857; x_wconf 82' lang='lat' dir='ltr'>cervis</span> 
     </span>
     <span class='ocr_line' id='line_1_6' title="bbox 157 897 820 962; baseline 0 -15"><span class='ocrx_word' id='word_1_32' title='bbox 157 899 307 962; x_wconf 78' lang='lat' dir='ltr'>auritosque</span> <span class='ocrx_word' id='word_1_33' title='bbox 319 898 392 961; x_wconf 88' lang='lat' dir='ltr'>sequi</span> <span class='ocrx_word' id='word_1_34' title='bbox 406 898 516 961; x_wconf 89' lang='lat' dir='ltr'>lepores,</span> <span class='ocrx_word' id='word_1_35' title='bbox 532 904 587 945; x_wconf 90' lang='lat' dir='ltr'>tum</span> <span class='ocrx_word' id='word_1_36' title='bbox 600 897 678 959; x_wconf 84' lang='lat' dir='ltr'>ligere</span> <span class='ocrx_word' id='word_1_37' title='bbox 692 897 820 957; x_wconf 89' lang='lat' dir='ltr'>dammas,</span> 
     </span>
     <span class='ocr_line' id='line_1_7' title="bbox 157 984 810 1052; baseline -0.002 -17"><span class='ocrx_word' id='word_1_38' title='bbox 157 995 267 1052; x_wconf 87' lang='lat' dir='ltr'>stuppea</span> <span class='ocrx_word' id='word_1_39' title='bbox 279 993 442 1050; x_wconf 85' lang='lat' dir='ltr'>torquentem</span> <span class='ocrx_word' id='word_1_40' title='bbox 453 985 571 1034; x_wconf 79' lang='lat' dir='ltr'>Balearis</span> <span class='ocrx_word' id='word_1_41' title='bbox 583 985 689 1034; x_wconf 88' lang='lat' dir='ltr'>verbera</span> <span class='ocrx_word' id='word_1_42' title='bbox 702 984 810 1045; x_wconf 85' lang='lat' dir='ltr'>fundae,</span> 
     </span>
     <span class='ocr_line' id='line_1_8' title="bbox 87 1073 883 1136; baseline -0.004 -11"><span class='ocrx_word' id='word_1_43' title='bbox 87 1082 138 1125; x_wconf 89' lang='grc'>310</span> <span class='ocrx_word' id='word_1_44' title='bbox 157 1091 216 1125; x_wconf 90' lang='lat' dir='ltr'>cum</span> <span class='ocrx_word' id='word_1_45' title='bbox 230 1076 275 1123; x_wconf 86' lang='lat' dir='ltr'>nix</span> <span class='ocrx_word' id='word_1_46' title='bbox 288 1075 343 1124; x_wconf 86' lang='lat' dir='ltr'>alta</span> <span class='ocrx_word' id='word_1_47' title='bbox 354 1076 433 1133; x_wconf 88' lang='lat' dir='ltr'>iacet,</span> <span class='ocrx_word' id='word_1_48' title='bbox 453 1074 564 1136; x_wconf 86' lang='lat' dir='ltr'>glaciem</span> <span class='ocrx_word' id='word_1_49' title='bbox 578 1089 636 1122; x_wconf 90' lang='lat' dir='ltr'>cum</span> <span class='ocrx_word' id='word_1_50' title='bbox 648 1073 758 1123; x_wconf 88' lang='lat' dir='ltr'>flumina</span> <span class='ocrx_word' id='word_1_51' title='bbox 770 1075 883 1123; x_wconf 86' lang='lat' dir='ltr'>trudunt.</span> 
     </span>
     <span class='ocr_line' id='line_1_9' title="bbox 193 1163 815 1227; baseline 0 -15"><span class='ocrx_word' id='word_1_52' title='bbox 193 1163 262 1224; x_wconf 86' lang='lat' dir='ltr'>Quid</span> <span class='ocrx_word' id='word_1_53' title='bbox 276 1169 439 1227; x_wconf 88' lang='lat' dir='ltr'>tempestates</span> <span class='ocrx_word' id='word_1_54' title='bbox 453 1163 569 1211; x_wconf 82' lang='lat' dir='ltr'>autumni</span> <span class='ocrx_word' id='word_1_55' title='bbox 582 1169 607 1210; x_wconf 94' lang='lat' dir='ltr'>et</span> <span class='ocrx_word' id='word_1_56' title='bbox 619 1163 705 1210; x_wconf 87' lang='lat' dir='ltr'>sidera</span> <span class='ocrx_word' id='word_1_57' title='bbox 718 1163 815 1224; x_wconf 88' lang='lat' dir='ltr'>dicam,</span> 
     </span>
     <span class='ocr_line' id='line_1_10' title="bbox 158 1251 868 1317; baseline 0 -15"><span class='ocrx_word' id='word_1_58' title='bbox 158 1260 243 1317; x_wconf 87' lang='lat' dir='ltr'>atque,</span> <span class='ocrx_word' id='word_1_59' title='bbox 258 1252 303 1300; x_wconf 90' lang='lat' dir='ltr'>ubi</span> <span class='ocrx_word' id='word_1_60' title='bbox 317 1252 371 1301; x_wconf 85' lang='lat' dir='ltr'>iam</span> <span class='ocrx_word' id='word_1_61' title='bbox 383 1251 536 1314; x_wconf 86' lang='lat' dir='ltr'>breviorque</span> <span class='ocrx_word' id='word_1_62' title='bbox 550 1251 603 1299; x_wconf 91' lang='lat' dir='ltr'>dies</span> <span class='ocrx_word' id='word_1_63' title='bbox 617 1257 643 1298; x_wconf 88' lang='lat' dir='ltr'>et</span> <span class='ocrx_word' id='word_1_64' title='bbox 654 1251 761 1300; x_wconf 87' lang='lat' dir='ltr'>mollior</span> <span class='ocrx_word' id='word_1_65' title='bbox 774 1262 868 1312; x_wconf 87' lang='lat' dir='ltr'>aestas,</span> 
     </span>
     <span class='ocr_line' id='line_1_11' title="bbox 158 1339 884 1405; baseline 0 -16"><span class='ocrx_word' id='word_1_66' title='bbox 158 1357 224 1405; x_wconf 90' lang='lat' dir='ltr'>quae</span> <span class='ocrx_word' id='word_1_67' title='bbox 237 1341 370 1403; x_wconf 87' lang='lat' dir='ltr'>vigilanda</span> <span class='ocrx_word' id='word_1_68' title='bbox 382 1340 451 1398; x_wconf 57' lang='lat' dir='ltr'>avias,</span> <span class='ocrx_word' id='word_1_69' title='bbox 469 1340 510 1388; x_wconf 83' lang='lat' dir='ltr'>rel</span> <span class='ocrx_word' id='word_1_70' title='bbox 524 1354 582 1388; x_wconf 88' lang='lat' dir='ltr'>cum</span> <span class='ocrx_word' id='word_1_71' title='bbox 595 1339 647 1387; x_wconf 89' lang='lat' dir='ltr'>ruit</span> <span class='ocrx_word' id='word_1_72' title='bbox 658 1339 822 1390; x_wconf 85' lang='lat' dir='ltr'>imbriferum</span> <span class='ocrx_word' id='word_1_73' title='bbox 834 1357 884 1400; x_wconf 86' lang='lat' dir='ltr'>ver,</span> 
     </span>
     <span class='ocr_line' id='line_1_12' title="bbox 157 1428 847 1494; baseline 0 -15"><span class='ocrx_word' id='word_1_74' title='bbox 157 1432 244 1494; x_wconf 78' lang='lat' dir='ltr'>spicea</span> <span class='ocrx_word' id='word_1_75' title='bbox 256 1431 308 1477; x_wconf 89' lang='lat' dir='ltr'>iam</span> <span class='ocrx_word' id='word_1_76' title='bbox 322 1428 420 1491; x_wconf 90' lang='lat' dir='ltr'>eampis</span> <span class='ocrx_word' id='word_1_77' title='bbox 434 1443 492 1476; x_wconf 91' lang='lat' dir='ltr'>cum</span> <span class='ocrx_word' id='word_1_78' title='bbox 506 1428 595 1476; x_wconf 89' lang='lat' dir='ltr'>messis</span> <span class='ocrx_word' id='word_1_79' title='bbox 608 1428 737 1476; x_wconf 79' lang='lat' dir='ltr'>inhorruit</span> <span class='ocrx_word' id='word_1_80' title='bbox 750 1436 776 1478; x_wconf 90' lang='lat' dir='ltr'>et</span> <span class='ocrx_word' id='word_1_81' title='bbox 789 1446 847 1479; x_wconf 89' lang='lat' dir='ltr'>cum</span> 
     </span>
     <span class='ocr_line' id='line_1_13' title="bbox 86 1517 794 1580; baseline -0.001 -13"><span class='ocrx_word' id='word_1_82' title='bbox 86 1525 137 1567; x_wconf 88' lang='grc'>315</span> <span class='ocrx_word' id='word_1_83' title='bbox 157 1519 286 1566; x_wconf 88' lang='lat' dir='ltr'>frumenta</span> <span class='ocrx_word' id='word_1_84' title='bbox 298 1517 325 1565; x_wconf 92' lang='lat' dir='ltr'>in</span> <span class='ocrx_word' id='word_1_85' title='bbox 337 1517 412 1564; x_wconf 89' lang='lat' dir='ltr'>viridi</span> <span class='ocrx_word' id='word_1_86' title='bbox 425 1517 522 1579; x_wconf 88' lang='lat' dir='ltr'>stipula</span> <span class='ocrx_word' id='word_1_87' title='bbox 535 1517 658 1565; x_wconf 84' lang='lat' dir='ltr'>lactentia</span> <span class='ocrx_word' id='word_1_88' title='bbox 670 1518 794 1580; x_wconf 80' lang='lat' dir='ltr'>turgent?</span> 
     </span>
     <span class='ocr_line' id='line_1_14' title="bbox 157 1605 846 1670; baseline 0.004 -16"><span class='ocrx_word' id='word_1_89' title='bbox 157 1621 234 1670; x_wconf 88' lang='lat' dir='ltr'>saepe</span> <span class='ocrx_word' id='word_1_90' title='bbox 247 1620 305 1668; x_wconf 88' lang='lat' dir='ltr'>ego,</span> <span class='ocrx_word' id='word_1_91' title='bbox 321 1622 379 1655; x_wconf 91' lang='lat' dir='ltr'>cum</span> <span class='ocrx_word' id='word_1_92' title='bbox 392 1605 464 1654; x_wconf 88' lang='lat' dir='ltr'>flavis</span> <span class='ocrx_word' id='word_1_93' title='bbox 476 1620 617 1654; x_wconf 89' lang='lat' dir='ltr'>messorem</span> <span class='ocrx_word' id='word_1_94' title='bbox 629 1605 766 1656; x_wconf 86' lang='lat' dir='ltr'>induceret</span> <span class='ocrx_word' id='word_1_95' title='bbox 778 1609 846 1657; x_wconf 86' lang='lat' dir='ltr'>arvis</span> 
     </span>
     <span class='ocr_line' id='line_1_15' title="bbox 157 1694 850 1757; baseline 0.004 -14"><span class='ocrx_word' id='word_1_96' title='bbox 157 1695 273 1756; x_wconf 87' lang='lat' dir='ltr'>agricola</span> <span class='ocrx_word' id='word_1_97' title='bbox 286 1703 311 1743; x_wconf 91' lang='lat' dir='ltr'>et</span> <span class='ocrx_word' id='word_1_98' title='bbox 324 1694 411 1757; x_wconf 81' lang='lat' dir='ltr'>fragili</span> <span class='ocrx_word' id='word_1_99' title='bbox 424 1695 476 1743; x_wconf 93' lang='lat' dir='ltr'>iam</span> <span class='ocrx_word' id='word_1_100' title='bbox 489 1694 626 1755; x_wconf 85' lang='lat' dir='ltr'>stringeret</span> <span class='ocrx_word' id='word_1_101' title='bbox 638 1694 738 1744; x_wconf 90' lang='lat' dir='ltr'>hordea</span> <span class='ocrx_word' id='word_1_102' title='bbox 751 1697 850 1756; x_wconf 85' lang='lat' dir='ltr'>culmo,</span> 
     </span>
     <span class='ocr_line' id='line_1_16' title="bbox 157 1783 741 1845; baseline 0 -14"><span class='ocrx_word' id='word_1_103' title='bbox 157 1783 245 1831; x_wconf 86' lang='lat' dir='ltr'>omnia</span> <span class='ocrx_word' id='word_1_104' title='bbox 256 1790 390 1832; x_wconf 84' lang='lat' dir='ltr'>ventorum</span> <span class='ocrx_word' id='word_1_105' title='bbox 404 1797 555 1832; x_wconf 86' lang='lat' dir='ltr'>concurrere</span> <span class='ocrx_word' id='word_1_106' title='bbox 568 1783 669 1845; x_wconf 88' lang='lat' dir='ltr'>proelia</span> <span class='ocrx_word' id='word_1_107' title='bbox 679 1783 741 1843; x_wconf 83' lang='lat' dir='ltr'>vidi,</span> 
     </span>
     <span class='ocr_line' id='line_1_17' title="bbox 156 1870 824 1935; baseline 0.007 -17"><span class='ocrx_word' id='word_1_108' title='bbox 156 1886 223 1935; x_wconf 89' lang='lat' dir='ltr'>quae</span> <span class='ocrx_word' id='word_1_109' title='bbox 235 1872 369 1934; x_wconf 83' lang='lat' dir='ltr'>gravidam</span> <span class='ocrx_word' id='word_1_110' title='bbox 382 1870 434 1920; x_wconf 90' lang='lat' dir='ltr'>late</span> <span class='ocrx_word' id='word_1_111' title='bbox 447 1878 560 1933; x_wconf 84' lang='lat' dir='ltr'>segetem</span> <span class='ocrx_word' id='word_1_112' title='bbox 574 1870 605 1919; x_wconf 87' lang='lat' dir='ltr'>ab</span> <span class='ocrx_word' id='word_1_113' title='bbox 619 1871 749 1920; x_wconf 89' lang='lat' dir='ltr'>radicibus</span> <span class='ocrx_word' id='word_1_114' title='bbox 763 1874 824 1923; x_wconf 87' lang='lat' dir='ltr'>imis</span> 
     </span>
     <span class='ocr_line' id='line_1_18' title="bbox 84 1959 846 2024; baseline 0.003 -16"><span class='ocrx_word' id='word_1_115' title='bbox 84 1966 135 2009; x_wconf 82' lang='lat'>320</span> <span class='ocrx_word' id='word_1_116' title='bbox 154 1960 292 2008; x_wconf 89' lang='lat' dir='ltr'>sublimem</span> <span class='ocrx_word' id='word_1_117' title='bbox 305 1960 441 2022; x_wconf 84' lang='lat' dir='ltr'>expulsam</span> <span class='ocrx_word' id='word_1_118' title='bbox 454 1967 588 2018; x_wconf 78' lang='lat' dir='ltr'>eruerent3</span> <span class='ocrx_word' id='word_1_119' title='bbox 602 1959 639 2007; x_wconf 90' lang='lat' dir='ltr'>ita</span> <span class='ocrx_word' id='word_1_120' title='bbox 653 1960 755 2010; x_wconf 90' lang='lat' dir='ltr'>turbiue</span> <span class='ocrx_word' id='word_1_121' title='bbox 768 1962 846 2024; x_wconf 84' lang='lat' dir='ltr'>nigro</span> 
     </span>
     <span class='ocr_line' id='line_1_19' title="bbox 154 2048 885 2112; baseline 0.001 -15"><span class='ocrx_word' id='word_1_122' title='bbox 154 2048 231 2097; x_wconf 82' lang='lat' dir='ltr'>serrat</span> <span class='ocrx_word' id='word_1_123' title='bbox 259 2049 341 2096; x_wconf 91' lang='lat' dir='ltr'>hiems</span> <span class='ocrx_word' id='word_1_124' title='bbox 366 2049 531 2110; x_wconf 90' lang='lat' dir='ltr'>culmumque</span> <span class='ocrx_word' id='word_1_125' title='bbox 557 2049 639 2096; x_wconf 89' lang='lat' dir='ltr'>levem</span> <span class='ocrx_word' id='word_1_126' title='bbox 658 2049 825 2112; x_wconf 90' lang='lat' dir='ltr'>stipulasque</span> <span class='ocrx_word' id='word_1_127' title='bbox 844 2066 885 2098; x_wconf 91' lang='lat' dir='ltr'>vo·</span> 
     </span>
     <span class='ocr_line' id='line_1_20' title="bbox 456 2137 548 2185; baseline -0.011 -1"><span class='ocrx_word' id='word_1_128' title='bbox 456 2137 548 2185; x_wconf 89' lang='lat' dir='ltr'>lantes.</span> 
     </span>
     <span class='ocr_line' id='line_1_21' title="bbox 154 2224 885 2290; baseline 0.003 -16"><span class='ocrx_word' id='word_1_129' title='bbox 154 2240 232 2289; x_wconf 91' lang='lat' dir='ltr'>saepe</span> <span class='ocrx_word' id='word_1_130' title='bbox 239 2224 316 2274; x_wconf 87' lang='lat' dir='ltr'>etiam</span> <span class='ocrx_word' id='word_1_131' title='bbox 330 2224 475 2272; x_wconf 91' lang='lat' dir='ltr'>inmensum</span> <span class='ocrx_word' id='word_1_132' title='bbox 487 2225 560 2273; x_wconf 88' lang='lat' dir='ltr'>caelo</span> <span class='ocrx_word' id='word_1_133' title='bbox 571 2224 641 2273; x_wconf 89' lang='lat' dir='ltr'>venit</span> <span class='ocrx_word' id='word_1_134' title='bbox 652 2239 745 2287; x_wconf 84' lang='lat' dir='ltr'>agmen</span> <span class='ocrx_word' id='word_1_135' title='bbox 758 2242 885 2290; x_wconf 90' lang='lat' dir='ltr'>aquarum</span> 
     </span>
     <span class='ocr_line' id='line_1_22' title="bbox 154 2313 863 2376; baseline 0.006 -13"><span class='ocrx_word' id='word_1_136' title='bbox 154 2322 179 2363; x_wconf 88' lang='lat' dir='ltr'>et</span> <span class='ocrx_word' id='word_1_137' title='bbox 192 2313 296 2362; x_wconf 86' lang='lat' dir='ltr'>foedam</span> <span class='ocrx_word' id='word_1_138' title='bbox 308 2313 455 2374; x_wconf 85' lang='lat' dir='ltr'>glomerant</span> <span class='ocrx_word' id='word_1_139' title='bbox 467 2319 646 2376; x_wconf 85' lang='lat' dir='ltr'>tempestatem</span> <span class='ocrx_word' id='word_1_140' title='bbox 659 2314 785 2365; x_wconf 91' lang='lat' dir='ltr'>imbribus</span> <span class='ocrx_word' id='word_1_141' title='bbox 799 2319 863 2366; x_wconf 86' lang='lat' dir='ltr'>atris</span> 
     </span>
     <span class='ocr_line' id='line_1_23' title="bbox 153 2401 777 2460; baseline 0.005 -10"><span class='ocrx_word' id='word_1_142' title='bbox 153 2403 279 2451; x_wconf 87' lang='lat' dir='ltr'>collectae</span> <span class='ocrx_word' id='word_1_143' title='bbox 291 2415 324 2450; x_wconf 89' lang='lat' dir='ltr'>ex</span> <span class='ocrx_word' id='word_1_144' title='bbox 336 2401 389 2449; x_wconf 90' lang='lat' dir='ltr'>alto</span> <span class='ocrx_word' id='word_1_145' title='bbox 403 2401 499 2460; x_wconf 85' lang='lat' dir='ltr'>nubes3</span> <span class='ocrx_word' id='word_1_146' title='bbox 514 2403 565 2448; x_wconf 88' lang='lat' dir='ltr'>ruit</span> <span class='ocrx_word' id='word_1_147' title='bbox 577 2402 673 2451; x_wconf 85' lang='lat' dir='ltr'>arduus</span> <span class='ocrx_word' id='word_1_148' title='bbox 686 2403 777 2453; x_wconf 87' lang='lat' dir='ltr'>aether</span> 
     </span>
     <span class='ocr_line' id='line_1_24' title="bbox 81 2489 806 2553; baseline 0.003 -14"><span class='ocrx_word' id='word_1_149' title='bbox 81 2496 132 2539; x_wconf 80' lang='lat'>325</span> <span class='ocrx_word' id='word_1_150' title='bbox 153 2496 179 2539; x_wconf 89' lang='lat' dir='ltr'>et</span> <span class='ocrx_word' id='word_1_151' title='bbox 193 2489 281 2552; x_wconf 90' lang='lat' dir='ltr'>pluvia</span> <span class='ocrx_word' id='word_1_152' title='bbox 293 2489 392 2551; x_wconf 86' lang='lat' dir='ltr'>ingenti</span> <span class='ocrx_word' id='word_1_153' title='bbox 406 2496 463 2538; x_wconf 87' lang='lat' dir='ltr'>sata</span> <span class='ocrx_word' id='word_1_154' title='bbox 475 2490 545 2537; x_wconf 88' lang='lat' dir='ltr'>laeta</span> <span class='ocrx_word' id='word_1_155' title='bbox 557 2489 687 2553; x_wconf 88' lang='lat' dir='ltr'>boumque</span> <span class='ocrx_word' id='word_1_156' title='bbox 700 2491 806 2542; x_wconf 88' lang='lat' dir='ltr'>labores</span> 
     </span>
     <span class='ocr_line' id='line_1_25' title="bbox 154 2577 864 2641; baseline 0.007 -15"><span class='ocrx_word' id='word_1_157' title='bbox 154 2578 246 2637; x_wconf 84' lang='lat' dir='ltr'>diluit;</span> <span class='ocrx_word' id='word_1_158' title='bbox 266 2578 398 2641; x_wconf 88' lang='lat' dir='ltr'>inplentur</span> <span class='ocrx_word' id='word_1_159' title='bbox 411 2577 495 2626; x_wconf 82' lang='lat' dir='ltr'>fossae</span> <span class='ocrx_word' id='word_1_160' title='bbox 508 2584 533 2626; x_wconf 89' lang='lat' dir='ltr'>et</span> <span class='ocrx_word' id='word_1_161' title='bbox 546 2593 608 2626; x_wconf 88' lang='lat' dir='ltr'>cava</span> <span class='ocrx_word' id='word_1_162' title='bbox 620 2578 728 2628; x_wconf 87' lang='lat' dir='ltr'>flumina</span> <span class='ocrx_word' id='word_1_163' title='bbox 741 2591 864 2634; x_wconf 85' lang='lat' dir='ltr'>crescunt</span> 
     </span>
     <span class='ocr_line' id='line_1_26' title="bbox 149 2665 832 2733; baseline 0.012 -20"><span class='ocrx_word' id='word_1_164' title='bbox 149 2681 208 2714; x_wconf 84' lang='lat' dir='ltr'>cum</span> <span class='ocrx_word' id='word_1_165' title='bbox 221 2666 310 2714; x_wconf 86' lang='lat' dir='ltr'>souitu</span> <span class='ocrx_word' id='word_1_166' title='bbox 324 2666 455 2731; x_wconf 85' lang='lat' dir='ltr'>fervetque</span> <span class='ocrx_word' id='word_1_167' title='bbox 467 2665 538 2715; x_wconf 85' lang='lat' dir='ltr'>fretis</span> <span class='ocrx_word' id='word_1_168' title='bbox 551 2667 708 2729; x_wconf 86' lang='lat' dir='ltr'>spirantibus</span> <span class='ocrx_word' id='word_1_169' title='bbox 721 2684 832 2733; x_wconf 88' lang='lat' dir='ltr'>aequor.</span> 
     </span>
     <span class='ocr_line' id='line_1_27' title="bbox 130 2754 824 2820; baseline -0.003 -15"><span class='ocrx_word' id='word_1_170' title='bbox 130 2754 192 2815; x_wconf 69' lang='lat' dir='ltr'>ipse</span> <span class='ocrx_word' id='word_1_171' title='bbox 202 2763 286 2820; x_wconf 84' lang='lat' dir='ltr'>pater</span> <span class='ocrx_word' id='word_1_172' title='bbox 300 2760 393 2811; x_wconf 87' lang='lat' dir='ltr'>media</span> <span class='ocrx_word' id='word_1_173' title='bbox 406 2757 565 2809; x_wconf 84' lang='lat' dir='ltr'>nimborum</span> <span class='ocrx_word' id='word_1_174' title='bbox 575 2756 607 2804; x_wconf 85' lang='lat' dir='ltr'>iu</span> <span class='ocrx_word' id='word_1_175' title='bbox 618 2762 698 2804; x_wconf 79' lang='lat' dir='ltr'>nocte</span> <span class='ocrx_word' id='word_1_176' title='bbox 709 2769 824 2803; x_wconf 78' lang='lat' dir='ltr'>carnaea</span> 
     </span>
     <span class='ocr_line' id='line_1_28' title="bbox 114 2840 833 2912; baseline 0 -27"><span class='ocrx_word' id='word_1_177' title='bbox 114 2840 238 2896; x_wconf 72' lang='lat' dir='ltr'>salmias</span> <span class='ocrx_word' id='word_1_178' title='bbox 253 2853 379 2904; x_wconf 89' lang='lat' dir='ltr'>molitur</span> <span class='ocrx_word' id='word_1_179' title='bbox 392 2853 513 2904; x_wconf 77' lang='lat' dir='ltr'>dextra:</span> <span class='ocrx_word' id='word_1_180' title='bbox 538 2862 594 2912; x_wconf 84' lang='lat' dir='ltr'>quo</span> <span class='ocrx_word' id='word_1_181' title='bbox 607 2854 743 2893; x_wconf 72' lang='lat' dir='ltr'>maxuma</span> <span class='ocrx_word' id='word_1_182' title='bbox 750 2846 833 2888; x_wconf 69' lang='lat' dir='ltr'>motu</span> 
     </span>
    </p>
   </div>
   <div class='ocr_carea' id='block_1_3' title="bbox 0 135 912 2956">
    <p class='ocr_par' dir='ltr' id='par_1_3' title="bbox 0 135 912 2956">
     <span class='ocr_line' id='line_1_29' title="bbox 0 135 912 2956; baseline 0 0"><span class='ocrx_word' id='word_1_183' title='bbox 0 135 912 2956; x_wconf 95' lang='lat' dir='ltr'> </span> 
     </span>
    </p>
   </div>
  </div>
 </body>
</html>
