1816 2956
306 194 453 234 aauamos
473 194 561 234 amaa
577 195 606 234 v.
791 186 851 234 279

128 353 184 415 ipse
197 352 258 399 mihi
274 365 355 413 nuper
367 351 470 413 Libycis
484 358 510 398 tu
524 351 595 399 testis
608 351 634 398 iu
649 351 724 398 undis

58 446 109 492 790
131 456 209 504 quam
227 441 323 488 molem
342 440 426 487 subito
441 440 561 488 excierit:
583 441 665 488 maria
679 441 769 488 omnia
781 441 854 489 caelo

128 530 240 589 miscuit,
255 529 353 577 Aeoliis
366 529 525 591 nequiquam
538 529 602 576 sreta
616 529 747 592 procellis,

128 618 156 666 in
169 619 255 680 regnis
268 618 318 666 hoc
331 632 394 665 ausa
409 617 469 665 tuis.

129 720 175 770 per
187 707 270 754 scelus
284 721 343 754 ecce
356 707 434 754 etiam
446 705 566 753 Troianis
579 706 703 754 matribus
717 706 780 754 actis

130 795 227 844 exussit
239 794 314 844 foede
328 795 420 858 puppis
434 801 458 843 et
471 796 552 844 classe
566 795 668 856 subegit

59 887 110 934 795
131 884 226 932 amissa
238 885 323 933 socios
335 885 441 946 ignotae
454 884 572 946 linquere
585 891 676 932 terrae.

130 973 200 1036 quod
214 981 337 1034 superest,
353 987 408 1030 oro,
424 972 501 1021 liceat
514 973 574 1020 dare
588 979 643 1020 tuta
656 987 701 1035 per
713 972 797 1020 undas

129 1042 255 1120 vela'tibi,
271 1062 347 1110 liceat
359 1061 515 1109 Laurentem
528 1062 653 1123 attingere
666 1061 800 1123 Thybrim,

129 1151 151 1198 si
165 1165 287 1199 concessa
300 1158 369 1213 peto,
384 1151 405 1197 si
419 1150 482 1197 dant
494 1165 525 1197 ea
537 1151 640 1199 moenia
651 1141 763 1213 parcae?

129 1246 185 1287 tum
198 1238 333 1288 Saturnius
347 1239 411 1287 haec
425 1239 537 1286 domitor
549 1239 627 1286 maris
641 1240 722 1287 edidit
734 1239 788 1287 alti.

58 1334 110 1378 800
126 1318 176 1376 ‘fas
190 1342 267 1376 omne
280 1335 325 1386 est,
342 1326 478 1390 Cytherea,
494 1328 557 1375 meis
571 1334 595 1375 te
608 1328 686 1376 fidere
699 1328 795 1389 regnis,

129 1418 198 1466 unde
211 1432 291 1478 genus
306 1417 387 1465 ducis.
415 1415 496 1464 merui
510 1430 628 1478 quoque:
650 1431 727 1479 saepe
739 1415 839 1464 furores

131 1506 271 1568 compressi
285 1512 310 1553 et
322 1505 420 1553 rabiem
434 1512 532 1559 tantam
546 1505 662 1567 caelique
675 1505 814 1567 marisque.

131 1608 178 1642 nec
191 1594 276 1641 minor
287 1595 315 1641 in
328 1594 411 1653 terris,
425 1593 559 1663 Xanthum
568 1592 754 1656 Simoentaque
766 1599 854 1651 testor,

130 1683 235 1730 Aeneae
249 1683 388 1731 mihicura
401 1683 446 1730 tui.
476 1697 534 1730 cum
547 1682 627 1730 Troia
639 1681 756 1729 Achilles

57 1776 110 1820 805
131 1771 280 1819 exanimata
292 1786 400 1834 sequens
414 1772 559 1834 inpingeret
572 1770 676 1831 agmina
689 1769 778 1828 muris,

130 1859 203 1907 milia
215 1860 298 1907 multa
311 1861 383 1908 daret
397 1860 447 1907 leto
461 1866 643 1920 gemerentque
656 1858 747 1920 repleti

132 1963 220 1997 amnes
233 1963 281 1997 nec
294 1948 406 2009 reperire
418 1948 485 1995 viam
499 1954 576 2009 etque
589 1949 705 1996 evolvere
717 1954 804 2011 posset

131 2037 158 2084 in
171 2052 241 2086 mare
254 2052 281 2086 se
294 2037 423 2095 Xanthus,
439 2036 544 2084 Pelidae
558 2045 618 2084 tunc
632 2051 679 2098 ego
693 2037 752 2084 sorti

132 2141 298 2188 congressum
311 2127 419 2173 Aenean
433 2140 480 2173 nec
494 2125 532 2173 dis
546 2140 593 2173 nec
605 2125 701 2173 viribus
714 2125 803 2187 aequis

58 2220 113 2264 810
134 2215 201 2263 nube
215 2231 278 2263 cava
290 2214 374 2277 rapui,
391 2228 511 2277 cuperem
525 2229 583 2262 cum
596 2221 692 2262 vert-ere
706 2214 737 2261 ab
751 2214 804 2262 imo

131 2311 228 2352 structa
239 2304 303 2352 meis
316 2303 435 2351 manibus
448 2303 565 2366 periurae
578 2303 681 2351 moenia
694 2302 796 2350 Troiae.

132 2405 201 2440 nune
226 2406 330 2456 quoque
355 2406 428 2439 mens
454 2392 544 2440 eadem
569 2398 666 2454 perstat
684 2390 764 2450 mihi3
790 2391 857 2453 pelle

432 2481 560 2528 timorem.

131 2577 202 2617 tutus
216 2584 281 2633 quos
295 2575 368 2630 optas
382 2575 471 2631 portus
485 2568 591 2616 accedet
603 2567 708 2616 Averni.

131 2673 197 2708 unus
211 2657 259 2707 erit
277 2664 377 2706 tantum
390 2657 513 2706 amissum
532 2672 612 2722 quem
630 2656 739 2720 gurgite
751 2661 878 2719 quaeret„
