1816 2956
261 167 410 207 marinos
431 168 519 206 arnan
537 168 577 206 ιν.
757 159 818 206 225

90 324 196 375 confieri
210 325 291 387 possit
303 325 401 387 paucis,
417 325 528 382 adverte,
545 324 653 372 docebo.

89 421 210 463 venatum
222 405 327 462 Aeneas
338 428 442 475 unaque
454 413 597 461 miserrima
609 413 679 460 Dido

89 504 117 553 in
131 518 221 552 nemus
235 503 272 551 ire
285 509 386 565 purant,
402 501 445 549 ubi
458 503 555 564 primos
569 502 695 550 crastinus
709 510 780 549 ortus

89 592 212 642 extulerit
224 591 301 640 Titan
315 591 445 653 radiisque
458 591 578 638 retexerit
591 590 688 638 orbem.

41 688 70 731 ΞΟ
89 682 130 731 his
144 696 192 743 ego
205 681 352 742 nigrantem
365 680 505 728 commixta
517 679 644 741 grandine
657 679 782 736 nimbum,

90 771 153 819 dum
165 769 295 831 trepidant
308 769 366 816 alae
379 769 512 830 saltusque
524 767 647 830 indagine
661 768 777 829 cingunt,

90 860 199 922 desuper
211 857 347 906 infundam
361 866 385 905 et
398 857 494 904 tonitru
508 857 608 904 caelum
622 872 698 905 omne
712 857 794 905 ciebo.

90 947 227 1010 diffugient
240 947 345 994 comites
358 953 383 994 et
396 953 471 993 nocte
484 953 603 1007 tegentur
616 961 712 1008 opaca3

89 1037 242 1100 speluncam
254 1035 323 1082 Dido
338 1035 391 1081 dux
403 1041 428 1081 et
440 1034 569 1082 Troianus
584 1036 693 1083 candem

41 1130 69 1174 25
90 1125 234 1174 devenient.
263 1124 341 1171 adero
355 1130 388 1181 et,
404 1129 448 1170 tua
461 1123 481 1169 si
495 1123 558 1169 mihi
573 1130 642 1170 certa
654 1123 782 1181 voluutas,

90 1199 202 1262 conubio
216 1213 323 1275 iungam
336 1211 422 1258 stabili
436 1212 619 1274 propriamque
633 1211 734 1260 dicabo.

90 1301 133 1350 hie
145 1301 303 1363 hymenaeus
317 1292 383 1349 erit.³
408 1315 461 1346 non
475 1301 609 1348 adversata
622 1300 718 1362 petenti

91 1390 182 1439 adnuit
195 1398 272 1452 atque
286 1389 352 1437 dolis
366 1389 422 1436 risit
436 1387 563 1450 Cytherea
576 1388 692 1451 repertis.

127 1478 261 1528 Oceanum
273 1478 373 1525 interea
385 1492 492 1540 surgons
504 1478 608 1525 Aurora
621 1477 733 1538 reliquit.

41 1574 70 1618 30
90 1568 111 1616 it
123 1567 204 1631 portis
217 1567 307 1615 iubare
320 1575 410 1615 exorto
424 1567 524 1614 delecta
536 1566 669 1624 iuventus3

90 1657 155 1706 retia
167 1672 234 1716 rara,
250 1657 352 1719 plegae,
369 1656 421 1703 lato
436 1654 563 1702 venabula
576 1654 643 1702 ferro

89 1746 248 1808 Massylique
261 1751 338 1791 ruont
351 1744 449 1805 equites
464 1750 488 1790 et
501 1743 581 1789 odora
595 1757 688 1790 canum
700 1743 745 1790 vis.

89 1834 208 1897 reginam
221 1834 336 1880 thalamo
350 1840 513 1880 cunctantem
527 1832 559 1878 ad
574 1832 665 1879 limina
678 1832 753 1895 primi

90 1923 238 1971 Poenorum
251 1929 396 1984 expectant,
413 1929 533 1982 ostroque
546 1920 654 1982 insignis
668 1928 693 1968 ct
704 1936 768 1969 auro

41 2017 70 2061 35
90 2017 142 2060 stat
153 2011 257 2073 sonipes
271 2025 301 2057 ac
314 2009 387 2056 frena
399 2007 472 2056 ferox
484 2009 632 2070 spumantia
644 2010 752 2056 mandit.

90 2101 196 2157 tandem
208 2099 372 2162 progreditur
385 2112 480 2159 magna
492 2097 603 2159 stipante
617 2105 727 2156 caterva,

91 2187 227 2238 Sidoniam
240 2188 309 2250 picto
323 2186 484 2248 chlamydem
498 2187 656 2233 circumdata
669 2186 757 2234 limbo.

91 2277 133 2327 cui
145 2278 267 2340 pharetra
279 2291 312 2324 ex
325 2289 397 2332 auro,
413 2276 495 2323 crines
508 2276 638 2322 nodantur
651 2275 677 2322 in
689 2290 791 2333 aurum,

89 2380 169 2417 aurea
182 2379 338 2429 purpuream
351 2364 479 2411 subnectit
491 2364 571 2412 fibula
584 2371 688 2412 vestem.

41 2461 71 2504 to
90 2470 138 2504 nee
152 2469 204 2502 non
218 2461 243 2502 ct
255 2453 361 2515 Phrygii
375 2452 480 2500 comites
494 2461 520 2500 et
532 2453 614 2500 laetus
627 2452 699 2499 Iulus

90 2543 223 2593 incedunt.
251 2542 305 2604 ipse
319 2548 378 2589 ante
391 2541 456 2588 alios
470 2541 656 2603 pulcherrimus
671 2541 754 2588 omnis

91 2632 169 2680 infert
181 2646 208 2679 se
222 2631 321 2678 socium
334 2630 436 2677 Aeneas
450 2637 527 2693 atque
542 2629 650 2693 agmina
659 2628 770 2691 tanqu

71 2713 192 2768 vergilias.
633 2712 676 2760 ll>
805 2768 835 2797 Δ
