1816 2956
61 169 121 217 432
299 166 464 217 eruamur
483 175 615 218 maome

59 340 110 384 485
131 335 279 398 loricaeque
291 349 377 383 moras
391 339 416 384 et
428 339 516 398 pectus
530 333 644 398 perforat
656 334 759 398 ingens.

130 425 174 473 ille
187 423 255 487 rapit
268 423 381 472 calidum
394 423 489 471 frustra
502 423 534 472 de
546 424 651 472 volnere
663 425 759 473 telum:

129 527 182 560 una
195 513 338 576 eademque
350 513 392 561 via
404 512 509 574 sanguis
522 512 676 576 animusque
691 520 825 562 secuntur.

130 602 226 651 corruit
238 602 265 649 in
279 602 371 650 volnus
385 601 510 665 (sonitum
523 615 601 664 super
614 615 687 649 arma
700 601 810 666 dedere)

129 698 154 740 ct
167 697 260 739 terram
273 691 394 739 hostilem
406 690 517 739 moriens
531 690 652 753 petitore
666 697 785 740 cruento.

58 786 110 831 490
130 795 207 844 quem
219 780 322 828 Turuus
336 793 412 842 super
425 779 551 828 adsistens

127 861 262 929 ‘Arcades
283 859 357 918 huec'
368 868 454 931 iuquit
462 858 600 917 ‘memores
613 882 671 916 mea
684 868 758 917 dicta
770 869 860 918 referte

128 959 267 1007 Euandro:
288 958 392 1021 qualem
404 958 498 1006 meruit
509 957 631 1007 Pallanta
644 957 758 1006 remitto.

130 1047 246 1112 quisquis
259 1030 343 1095 hcuos
356 1047 457 1105 tumuli,
480 1046 606 1110 quidquid
620 1047 738 1096 solamen
752 1046 861 1096 human-

430 1135 488 1195 dist,

128 1226 234 1288 largior.
262 1224 331 1272 haud
344 1224 382 1273 illi
396 1224 500 1272 stabunt
513 1224 613 1273 Aeneia
625 1237 705 1287 parvo

58 1320 108 1365 495
128 1305 261 1378 hospitia.³
286 1320 312 1362 ct
324 1313 396 1361 laevo
410 1313 503 1375 pressit
515 1313 581 1375 pede
594 1312 657 1360 talia
670 1311 740 1361 fatus

129 1381 283 1462 exanimem,
298 1402 401 1465 rapiens
414 1402 530 1450 inmania
543 1401 659 1464 pondera
671 1400 753 1450 baltei

129 1495 325 1557 inpressumque
338 1490 424 1538 nclas:
443 1505 496 1538 una
509 1490 556 1538 sub
570 1497 646 1539 noete
658 1489 741 1552 iugali

130 1598 205 1632 caesa
218 1595 310 1630 manus
324 1580 445 1628 iuvenum
458 1579 532 1629 foede
545 1579 706 1641 thalamique
720 1581 840 1640 cruenti3

130 1687 197 1735 quae
211 1670 308 1720 Clonus
322 1669 457 1731 Eurytidcs
471 1668 552 1716 multo
567 1667 711 1715 caelaverat
725 1683 810 1729 aur0;

60 1767 110 1809 500
130 1775 181 1823 quc
195 1774 264 1807 nunc
276 1758 379 1806 Turnus
394 1765 452 1805 ovat
465 1756 549 1820 spolio
562 1755 710 1818 gaudetque
724 1758 835 1819 potitus.

63 1908 68 1918 ι
130 1848 218 1896 nescia
231 1862 302 1895 mens
316 1847 451 1895 hominum
464 1845 508 1893 lati
522 1845 649 1908 sortisque
663 1843 777 1906 futurae,

129 1943 155 1985 et
167 1950 267 1984 servare
281 1937 386 1984 modum
400 1935 474 1983 rcbus
487 1933 590 1982 sublata
602 1933 731 1982 secundis.

129 2027 217 2074 Turno
232 2033 330 2087 tempus
344 2025 404 2083 erit,
424 2038 519 2085 magno
534 2039 592 2072 cum
605 2022 732 2084 optaverit
746 2032 862 2088 emptum

129 2115 255 2162 intactum
267 2114 397 2172 Pallanta,
413 2121 509 2162 etcum
523 2112 609 2175 spolia
621 2111 670 2158 ista
684 2111 812 2176 diemque

60 2209 109 2251 505
130 2203 221 2250 oderit.
250 2209 276 2250 at
288 2203 350 2250 sccii
365 2203 446 2250 multo
459 2202 557 2263 gemitu
571 2199 738 2261 lacrimisque

130 2291 271 2354 inpositum
284 2298 355 2338 scuto
370 2290 482 2338 referunt
494 2290 616 2339 Pallanta
628 2288 789 2350 frequentes.

130 2395 145 2428 o
160 2381 235 2428 dolor
248 2386 325 2442 atque
339 2381 416 2428 decus
430 2393 552 2440 magnum
567 2377 679 2425 rediture
691 2380 810 2440 parenti,

124 2468 192 2521 llaec
206 2475 230 2519 te
243 2468 329 2536 prima
342 2468 396 2518 dics
409 2467 478 2516 bello
492 2467 570 2524 dedit,
586 2466 651 2513 haec
664 2465 758 2514 eadem
767 2469 863 2527 aufert,

113 2580 176 2616 cum
192 2571 284 2618 tamen
300 2560 419 2631 ingentis
429 2552 698 2625 Rutulqrumliuquia
708 2567 826 2603 aceruus.

19 2657 79 2706 510
143 2660 204 2715 Nec
218 2664 277 2717 iam
294 2661 373 2714 fama
386 2655 456 2708 muli
470 2648 552 2709 tauti,
567 2643 615 2693 sed
626 2636 720 2690 earlier
732 2643 826 2683 aucum
