1816 2956
55 177 118 226 418
294 186 321 237 P·.
332 183 458 231 ‚vnaernr
479 181 611 223 ausoris

127 344 180 392 satu
192 343 260 390 viam
271 333 421 389 invenient'
447 339 528 402 Stygii
541 339 709 402 perflamine
722 339 818 398 fratris,

127 447 172 496 per
184 432 241 494 pice
254 430 374 478 torrentis
387 437 495 491 utraque
506 428 630 488 voragine
642 427 713 490 ripas

61 526 108 568 115
129 519 220 567 adnuit
232 525 257 566 et
270 526 351 566 toturn
365 527 429 566 nutu
442 516 583 567 tremefecit
596 515 747 579 Olympum.
803 507 807 512 ’

128 608 170 656 hic
184 607 241 655 finis
254 607 334 655 fandi.
362 607 429 653 solio
443 614 497 652 tum
509 605 624 668 Iuppiter
638 619 734 657 aureo.

127 696 218 756 surgit,
234 696 373 744 caelicolae
387 695 500 742 inedium
513 707 590 755 quem
604 693 636 741 ad
648 694 853 745 liminaducunt.

163 784 265 832 Interea
275 783 363 831 Rutuli
377 783 457 844 portis
471 782 567 830 circum
580 782 700 831 omnibus
715 784 815 837 instant

128 882 241 921 sternere
254 873 333 920 caede
345 872 412 918 siros
426 879 451 918 et
463 871 566 919 moenia
579 871 684 931 cingere
700 871 821 921 flammis.

61 967 109 1010 120
129 968 155 1008 at
168 961 236 1022 legio
249 961 403 1019 Aeneadum
415 960 489 1007 vullis
502 959 608 1007 obsessa
620 967 732 1020 tenetur,

129 1064 176 1098 nce
189 1063 247 1112 spes
260 1050 315 1097 ulla
328 1049 413 1110 fugae.
442 1047 528 1096 miseri
542 1055 612 1094 stant-
624 1047 739 1097 turribus
751 1050 813 1098 altis

128 1138 286 1200 nequiquam
298 1145 324 1184 et
336 1152 394 1184 rara
406 1151 493 1184 muros
507 1137 610 1185 cinxere
623 1150 732 1185 corona.

128 1228 205 1276 Asius
218 1225 373 1274 Imbrasides
386 1225 605 1287 Hicetaoniusque
617 1225 778 1288 Thymoetes

128 1315 302 1376 Assaracique
320 1314 371 1361 duo
389 1320 414 1361 et
426 1314 513 1361 senior
526 1329 583 1361 curn
598 1312 707 1365 Castore
721 1317 854 1381 Thymbria

61 1410 109 1455 125
129 1405 212 1468 prima
225 1403 307 1452 acies:
323 1403 370 1450 hos
383 1403 498 1464 germani
513 1401 671 1464 Sarpedonis
685 1405 776 1467 ambo,

129 1500 154 1542 et
167 1491 259 1542 Clarus
273 1499 298 1541 et
310 1492 437 1550 Theman,
454 1491 534 1554 Lycia
548 1492 705 1540 comitantur
718 1493 753 1543 ab
767 1497 831 1545 alta.

129 1583 178 1630 scrt
190 1582 281 1643 ingens
294 1587 348 1628 toto
363 1580 470 1629 conixus
485 1594 592 1641 corpore
605 1594 707 1639 saxum,

129 1672 198 1719 haud
212 1677 310 1733 partem
324 1670 445 1730 exiguam
458 1669 562 1727 montis,
577 1668 719 1730 Lyrnesius
734 1673 849 1730 Acmon,

130 1775 177 1808 nee
191 1759 276 1821 Clytio
289 1758 405 1820 genitore
419 1758 503 1804 minor
516 1771 563 1805 nec
576 1757 653 1804 fratre
668 1758 834 1811 Menestheo.

62 1855 110 1897 130
130 1849 156 1896 hi
170 1848 270 1905 iaculis,
285 1847 324 1894 illi
338 1853 436 1894 certant
449 1846 585 1894 defendere
598 1846 668 1894 saxis

129 1936 267 1998 molirique
280 1935 366 1995 ignem
379 1949 508 1996 nervoque
521 1943 610 1996 aptare
623 1935 743 1995 sagittas.

129 2027 184 2088 ipse
197 2025 264 2072 inter
276 2024 384 2080 medios,
404 2023 511 2070 Veneris
524 2023 664 2070 iustissima
678 2039 752 2085 curu,

129 2112 277 2162 Dardanius
290 2119 367 2173 eaput
380 2126 439 2158 ecce
453 2127 516 2173 puer
530 2113 642 2159 detectus
657 2112 811 2175 honestum,

130 2202 214 2265 qualis
227 2214 330 2261 gemma
341 2201 419 2248 micat
432 2199 527 2248 fulvom
542 2214 608 2262 quae
622 2200 713 2247 dividit
728 2218 835 2264 aurnum,

62 2298 109 2340 135
131 2299 175 2339 aut
187 2290 256 2338 collo
270 2289 347 2337 decus
360 2295 405 2337 aut
418 2289 504 2350 capiti,
519 2289 558 2336 rel
573 2289 649 2350 quale
662 2305 708 2351 per
722 2301 809 2342 antem

130 2380 258 2427 inclusum
272 2376 341 2424 buxo
354 2385 399 2425 aut
412 2376 500 2425 Oricia
513 2377 657 2425 terebinthe

126 2469 198 2519 lucet
211 2467 290 2528 ebur3
310 2466 380 2514 fusos
394 2466 479 2514 cervix
493 2466 532 2513 cui
548 2467 632 2514 lactea
644 2466 723 2514 crinis

116 2561 178 2614 wei
179 2562 206 2630 pi
210 2569 220 2613 t
235 2571 262 2614 et
274 2560 352 2614 molli
365 2556 500 2610 subnectit
512 2555 622 2602 eirardus
633 2568 706 2599 ause.

176 2676 269 2728 ,loque
282 2650 488 2724 magnanimae
500 2639 757 2695 utueruumsxaaxe,
769 2649 855 2693 sentes
