1816 2956
277 217 425 258 assumes
447 218 535 256 arnan
551 218 591 258 vr.
772 210 831 259 309

106 389 288 438 armorumque
301 374 349 421 fuit
361 375 433 433 vivis,
450 389 516 436 quae
530 390 592 423 cura
604 375 709 423 nitentis

47 470 85 512 355
106 479 210 527 pascere
223 477 312 526 equos,
328 462 419 510 eadem
432 463 548 525 sequitur
561 465 652 512 tellure
664 471 790 527 repostos.

105 553 232 615 conspicit
244 566 303 600 ecce
317 551 383 599 alios
396 551 487 599 dextra
500 553 625 615 laevaque
638 568 683 616 per
695 552 802 601 herbam

104 642 229 688 vescentis
242 641 390 701 laetumque
403 640 483 688 choro
496 640 601 689 Paeana
613 643 728 691 canentis

104 730 170 777 inter
183 729 319 776 odoratum
333 729 399 777 lauri
412 744 512 788 nemus,
528 730 596 778 unde
609 745 719 793 superne

104 818 229 880 plurimus
242 817 349 864 Eridani
363 832 408 880 per
422 818 512 865 silvam
526 819 635 866 volvitur
647 819 739 866 amnis.

51 911 83 953 60
103 907 145 953 hie
159 921 250 954 manus
264 906 296 953 ob
310 906 421 968 patriam
434 908 575 969 pugnando
589 909 695 956 volnera
708 908 786 970 passi,

103 995 199 1057 quique
212 995 357 1042 sacerdotes
371 996 443 1053 casti,
460 996 521 1042 dum
533 996 586 1044 vita
598 996 727 1055 manebat,

103 1083 199 1145 quique
212 1083 248 1145 pii
262 1090 330 1130 vates
344 1090 369 1131 et
381 1084 487 1132 Phoebo
501 1085 582 1146 digna
594 1085 684 1142 locuti,

102 1172 219 1219 inventas
233 1177 278 1218 aut
291 1171 334 1233 qui
347 1173 426 1220 vitam
439 1174 575 1221 excoluere
588 1189 633 1236 per
646 1174 725 1231 artis,'

102 1261 198 1323 quique
211 1261 250 1307 sui
263 1275 389 1309 memores
404 1262 469 1310 alios
483 1263 566 1311 fecere
579 1263 716 1310 merendo:

50 1354 80 1396 65
102 1349 220 1396 omnibus
234 1349 274 1396 his
288 1349 362 1398 nivea
376 1351 514 1412 cinguntur
527 1359 644 1414 tempora
656 1351 727 1398 vitta.

101 1453 166 1500 quos
180 1437 349 1486 circumfusos
363 1440 399 1487 sie
413 1446 452 1487 est
465 1440 552 1487 adfata
565 1438 672 1502 Sibylla,

98 1527 235 1574 Musaeum
243 1535 302 1575 ante
316 1529 416 1587 omnis;
431 1528 545 1576 medinm
557 1543 617 1576 nam
629 1529 742 1591 plurima
754 1528 830 1578 turba

99 1615 168 1662 hunc
181 1615 259 1663 habet
272 1623 349 1678 atque
362 1617 457 1664 umeris
471 1624 600 1665 extantem
614 1617 721 1680 suspicit
734 1617 802 1665 altis.

96 1693 193 1761 ‘dicitu
210 1703 297 1752 felices
311 1705 413 1753 animae
426 1713 505 1768 tuque
519 1707 615 1768 optime
628 1714 706 1764 vates,
778 1735 780 1738 -

47 1794 79 1839 70
100 1805 166 1852 quae
178 1791 249 1852 regio
261 1792 403 1852 Anchisen,
419 1794 476 1856 quis
489 1793 566 1842 habet
577 1794 666 1842 locus?
683 1794 754 1842 illins
766 1809 829 1856 ergo

98 1879 213 1926 venimus
227 1887 253 1927 et
265 1895 373 1941 magnos
386 1881 463 1929 Erebi
478 1883 634 1930 tranavimus
648 1873 756 1930 amnes.²

99 1975 176 2029 atque
189 1967 249 2016 huic
262 1982 414 2030 responsum
427 1971 516 2032 paucis
529 1971 566 2018 ita
579 1971 691 2020 reddidit
704 1971 788 2019 heros.

94 2045 170 2103 ‘nulli
184 2063 254 2104 certa
267 2057 373 2116 domus;
394 2059 459 2106 lucis
472 2058 620 2108 habitamus
633 2061 720 2124 opacis

97 2146 263 2207 riparumque
276 2153 346 2193 toros
361 2155 386 2194 et
398 2155 472 2210 prata
485 2149 599 2197 recentia
611 2149 671 2197 rivis

47 2237 76 2282 75
97 2234 244 2283 incolimus.
272 2235 316 2283 sed
330 2249 384 2295 vos,
400 2237 421 2284 si
435 2236 484 2284 fert
496 2237 532 2284 ita
545 2238 623 2286 corde
635 2238 764 2297 voluntas,

95 2323 145 2370 hoc
159 2331 277 2386 superate
289 2324 393 2385 iugum,
417 2332 441 2373 et
453 2325 524 2374 facili
537 2327 589 2374 iam
602 2327 703 2375 tramite
716 2319 824 2374 sistam.'

96 2411 161 2459 dixit
174 2420 199 2459 et
212 2413 343 2461 antetulit
355 2428 472 2475 gressum
485 2430 642 2479 camposque
655 2415 765 2464 nitentes

96 2500 206 2562 desuper
212 2508 338 2560 ostentat3
353 2503 448 2550 dehinc
460 2505 820 2553 summacacuminalincunt.

130 2591 166 2636 At
179 2598 252 2652 pater
264 2591 392 2639 Anchises
406 2592 507 2654 penitus
521 2594 640 2641 convalle
653 2594 744 2640 virenti

95 2677 208 2725 inclusas
222 2679 322 2727 animas
335 2695 514 2746 superumque
528 2683 563 2731 ad
574 2681 772 2731 inuenientes
