1816 2956
297 191 445 230 nanninus
465 191 553 230 mann
569 191 612 231 rx.
793 182 855 230 399

128 349 207 396 caede
220 349 306 396 locum
321 355 346 396 et
358 349 448 410 plenos
462 349 592 410 spumanti
606 348 732 409 sanguine
745 349 821 396 rivos.

55 442 106 484 455
127 438 290 498 adgnoscunt
303 437 388 499 spolia
400 437 465 483 inter
478 450 505 484 se
518 436 672 498 galeamque
686 437 809 485 nitentem

126 525 238 588 Messapi
252 535 277 574 et
288 526 371 572 multo
385 525 504 587 phaleras
518 524 612 572 sudore
625 533 748 588 receptae.

161 613 258 660 Etiam
271 613 355 675 prima
367 627 434 661 novo
448 612 585 674 spargebat
598 613 696 661 lumine
709 622 789 662 terrae

126 701 232 749 Tithoni
247 717 365 750 croceum
379 703 499 763 linquens
512 702 616 748 Aurora
628 700 728 761 cubile3

126 790 178 837 iam
191 791 246 838 sole
259 790 353 850 infuso,
369 791 421 838 iam
434 790 510 838 rebus
523 791 581 838 lace
594 789 704 848 retectis,

54 883 106 926 460
126 879 228 926 Turnus
242 880 269 927 in
283 895 355 927 arma
367 880 444 937 viros,
460 879 536 927 armis
551 878 723 927 circumdatus
736 877 801 940 ipse,

126 967 240 1026 suscitat,
256 976 407 1029 aeratasque
421 968 488 1015 acies
502 967 528 1013 in
542 967 642 1028 proelia
655 967 725 1027 cogit

127 1056 234 1117 quisque
248 1071 306 1103 suas
320 1056 447 1118 variisque
461 1062 557 1103 aeuont
569 1054 715 1102 rumoribus
728 1055 790 1102 iras.

126 1145 188 1205 quin
201 1146 258 1207 ipsa
271 1145 375 1192 arrectis
389 1144 455 1205 (visu
469 1143 628 1205 miserabile>
641 1143 668 1190 in
681 1143 763 1191 hastis

125 1232 271 1294 praefigunt
283 1233 368 1295 capita
381 1239 407 1281 et
418 1233 500 1280 multo
514 1233 626 1280 clamore
639 1239 761 1280 secuntur

53 1325 105 1368 465
125 1321 229 1383 Euryali
243 1328 268 1369 et
279 1320 342 1368 Nisi.

125 1411 266 1458 Aeneadae
280 1409 336 1456 duri
349 1423 483 1457 murorum
495 1408 522 1455 in
536 1416 608 1470 parte
621 1409 725 1457 sinistra

125 1512 269 1559 opposuere
283 1498 365 1546 aciem
378 1498 451 1560 (narn
464 1497 570 1546 dextera
583 1498 695 1559 cingitur
708 1497 791 1560 amni)

125 1586 288 1648 ingentisque
302 1594 390 1635 tenent
403 1587 483 1634 fossas
498 1595 523 1634 et
535 1585 646 1634 turribus
660 1587 719 1634 altis

125 1681 193 1721 stant
206 1676 312 1734 maesti3
333 1675 409 1723 simul
424 1690 470 1722 ura
482 1675 565 1722 virum
578 1675 692 1736 praefixa
705 1673 853 1732 movebant,

52 1766 105 1808 470
125 1763 277 1810 notanimis
291 1764 391 1812 miseris
405 1771 513 1825 atroque
526 1763 632 1810 fluentia
644 1763 714 1810 tabo.

159 1849 261 1898 Interea
273 1851 393 1912 pavidam
406 1852 516 1898 volitans
530 1851 637 1913 pinnata
650 1866 695 1914 per
708 1851 797 1899 urbem

124 1936 215 1984 nuntia
227 1937 307 1985 Fama
320 1940 371 1986 ruit
383 1939 524 2001 matrisque
537 1938 666 1987 adlabitur
679 1940 747 1987 auris

124 2024 237 2086 Euryali.
267 2033 293 2072 at
305 2026 403 2073 subitus
416 2027 526 2075 miserae
539 2028 611 2075 calor
623 2041 683 2075 ossa
695 2028 817 2091 reliquit3

125 2113 224 2160 excussi
239 2114 356 2162 manibus
370 2115 436 2162 radii
450 2117 618 2178 revolutaque
630 2131 720 2178 pensa.

53 2205 103 2248 475
125 2203 208 2250 evolat
220 2203 312 2251 infelix
326 2211 351 2251 et
363 2203 474 2251 femineo
487 2204 598 2263 ululatu,

125 2291 204 2338 scissa
218 2306 328 2350 comam,
344 2307 431 2340 muros
445 2307 533 2341 amens
548 2300 625 2354 atque
640 2294 745 2356 agmina
759 2309 835 2342 eursu

124 2380 206 2441 prima
219 2382 291 2442 petit,
307 2395 360 2428 nou
373 2381 420 2428 illa
433 2381 523 2440 virum,
539 2396 592 2429 non
605 2383 652 2430 illa
664 2383 754 2445 pericli

124 2469 284 2531 telorumque
304 2484 416 2528 mem0r3
444 2471 545 2518 eaelum
562 2470 655 2519 dehine
669 2470 804 2532 questibus
815 2471 860 2514 'xn-

423 2559 487 2623 plet.

116 2642 187 2688 &¹¹¹⁶
200 2657 248 2703 080
264 2652 295 2705 2⁶,
311 2646 442 2712 Euryale,
465 2650 597 2718 aspicio?
618 2659 692 2699 tune
702 2645 760 2694 ille
772 2637 899 2686 aeneam*
