1816 2956
103 169 162 218 144
339 178 365 217 e.
381 178 504 218 vanem
523 177 654 219 Manours

169 336 263 386 Troiae
275 351 371 385 nomen
383 337 422 396 iit,
438 335 538 384 diversa
550 350 596 399 per
608 351 723 399 aequora
734 346 821 388 vectos

168 426 235 476 forte
247 441 295 475 sua
306 425 411 489 Libycis
423 432 562 488 tempestas
576 426 677 488 adpulit
690 427 751 476 oris.

168 515 296 579 sumpius
309 515 421 574 Aeneas,
436 520 524 576 raptos
537 514 581 576 qui
595 529 627 563 ex
639 516 713 564 hoste
725 524 832 579 penates

169 605 251 654 classe
262 603 328 653 veho
340 617 451 662 mecum,
466 602 536 650 fama
547 617 625 666 super
638 603 742 654 aethera
754 613 840 654 notras.

98 698 148 743 380
167 693 271 742 Italiam
284 707 380 756 quaero
393 691 505 755 patriam
518 698 543 741 et
558 707 640 753 genus
658 693 690 741 ab
704 693 763 744 love
784 709 894 745 summo.

167 782 207 832 bis
221 782 294 832 denis
305 781 447 844 Phrygium
460 782 598 830 conscendi
612 781 720 830 navibus
734 797 843 846 aequor,

168 878 249 922 matre
263 873 311 920 dea
323 876 483 919 monstrante
495 870 563 918 viam
576 870 637 918 data
650 870 704 919 sata
716 879 819 922 secutus
830 891 836 933 3

167 962 210 1010 vix
222 967 320 1025 septem
333 960 471 1008 convolsae
482 959 559 1006 undis
571 959 694 1022 Euroque
707 970 855 1024 supersunt.

168 1051 223 1114 ipse
235 1051 348 1113 ignotus,
364 1063 450 1110 egeus,
465 1048 564 1110 Libyae
578 1049 680 1098 deserta
692 1064 812 1112 peragro,

97 1145 148 1189 385
167 1140 272 1202 Europa
284 1145 362 1202 atque
374 1138 439 1187 Asia
451 1129 561 1200 pulsus.'
597 1152 645 1186 nec
658 1139 734 1201 plura
747 1149 896 1202 querentem

168 1243 245 1292 passa
256 1229 345 1276 Venus
358 1227 444 1275 medio
457 1227 494 1274 sic
506 1226 627 1275 interfata
639 1227 763 1276 dolorcst.

201 1308 335 1380 ‘Quisquis
349 1331 391 1375 es,
412 1315 497 1374 haud,
519 1316 611 1374 credo,
632 1316 728 1364 invisus
742 1318 897 1367 caelestibus

469 1419 544 1452 auras

167 1496 251 1545 vitalis
265 1495 359 1558 carpis,
374 1494 479 1557 Tyriam
492 1493 535 1556 qui
550 1493 681 1541 adveneris
695 1494 794 1544 urbem.

168 1600 245 1649 perge
257 1585 334 1633 modo
347 1589 424 1646 atque
435 1583 496 1631 hine
508 1589 532 1630 tc
542 1583 647 1644 reginae
659 1583 691 1630 ad
700 1583 792 1632 limina
800 1586 893 1648 perier.

97 1679 148 1722 390
167 1688 280 1737 namque
293 1673 339 1721 tibi
352 1674 458 1721 reduces
472 1672 556 1720 socios
570 1673 729 1735 classemque
742 1673 854 1724 relatam

167 1763 258 1811 nuntio
272 1762 336 1811 etin
348 1769 432 1810 tutum
444 1762 522 1810 versis
535 1760 701 1823 aquilonibus
715 1768 809 1821 actam,

167 1853 193 1901 ni
207 1853 301 1900 trustra
313 1851 451 1914 augurium
463 1851 522 1898 vani
536 1851 646 1898 docuere
659 1857 786 1912 parentes.

168 1942 254 2005 aspice
267 1940 305 1989 bis
318 1955 394 1989 senos
407 1940 528 1989 laetantis
541 1940 644 2000 agmine
658 1953 760 2001 cycnos,

168 2030 283 2079 aetheria
295 2045 360 2092 quos
373 2031 447 2093 lapsa
459 2030 537 2092 plaga
549 2029 617 2077 Iovis
630 2029 684 2076 ales
697 2033 786 2090 aperto

96 2125 147 2168 395
167 2119 287 2168 turbabat
299 2120 380 2178 caelo,
396 2133 464 2166 nuuc
477 2125 557 2166 terras
571 2118 660 2165 ordine
674 2116 754 2176 longo

167 2215 212 2256 aut
224 2223 315 2271 capere
328 2215 373 2256 aut
385 2215 473 2271 captas
486 2208 539 2255 iam
551 2207 698 2268 despectare
710 2205 845 2253 videntur:

167 2304 195 2345 ut
207 2298 312 2346 reduces
325 2297 364 2345 illi
378 2298 471 2345 ludunt
483 2294 647 2344 stridentibus
661 2294 709 2341 alis

167 2394 192 2435 ct
204 2372 279 2435 coeiu
292 2386 395 2434 cinxere
407 2386 498 2448 polum
511 2391 652 2445 cantusque
665 2383 767 2441 dedere,

167 2476 236 2524 baud
250 2475 324 2523 aliter
336 2489 485 2538 puppesque
498 2481 557 2522 tuae
570 2472 702 2536 pubesque
714 2479 818 2520 tuorum

97 2572 148 2614 400
168 2572 212 2614 aut
224 2573 327 2628 portum
339 2570 409 2613 tenet
421 2570 466 2611 aut
478 2564 555 2625 pleno
569 2561 638 2611 subit
651 2561 717 2608 ostia
729 2561 795 2608 velo.

161 2669 244 2718 perge
257 2654 336 2702 ruodo
349 2659 375 2702 ct
387 2668 439 2715 qua
451 2659 476 2700 te
489 2651 560 2699 ducit
572 2651 613 2698 via
626 2651 708 2712 dirige
720 2644 859 2712 gressum!
