1816 2956
73 186 134 233 354
312 194 337 232 r.
355 192 475 231 vasam
496 191 628 231 Mascula

143 359 276 413 expectate
289 350 346 398 solo
359 349 482 398 Laurenti
496 349 614 410 arvisque
626 347 737 407 Latinis,

142 439 184 488 hic
198 439 242 486 tibi
257 446 326 487 certa
339 438 439 495 domus,
456 437 517 485 certi
531 437 575 499 (ue
589 436 695 500 absiste)
708 447 837 500 penates3

81 533 124 576 ·4o
142 543 193 576 neu
206 527 267 575 belli
281 537 375 575 terrere
388 526 464 574 minis
472 542 480 589 ξ
501 533 586 572 tumor
599 525 683 573 omnis
697 533 723 573 et
734 526 794 576 irae

142 630 292 664 concessere
305 615 390 662 deum.

142 705 245 767 iamque
258 703 319 761 tibi,
340 716 373 749 ne
385 716 452 749 vana
465 709 538 763 putes
551 701 616 750 haec
629 701 726 763 fingere
739 717 875 763 somnum,

143 793 241 841 litoreis
254 793 345 853 ingens
357 791 461 837 inventa
473 790 520 837 sub
533 790 636 838 ilicibus
649 804 702 848 sus,

143 882 249 944 triginta
261 880 374 942 capitum
387 879 452 927 fetus
465 878 551 935 enixa,
566 878 669 937 iacebit,

89 975 122 1018 45
142 970 211 1028 alba,
225 971 282 1018 solo
296 968 429 1026 recubans,
445 966 497 1014 albi
512 967 608 1014 circum
621 968 703 1015 ubera
716 969 783 1017 nati.

142 1059 184 1107 hic
197 1058 269 1106 locus
282 1057 351 1105 urbis
365 1057 420 1115 erit,
436 1055 537 1117 requies
550 1069 581 1102 ea
593 1062 663 1103 certa
675 1054 809 1117 laborum,
863 1077 867 1089 «

143 1161 175 1194 ex
188 1161 239 1208 quo
253 1153 291 1194 ter
304 1145 376 1194 denis
390 1146 479 1192 urbem
492 1142 658 1191 redeuntibus
671 1144 747 1191 annis

142 1235 271 1284 Ascanius
284 1234 348 1282 clari
362 1233 456 1281 condet
468 1232 631 1294 cognominis
644 1231 749 1280 Albam.

143 1324 213 1372 haud
230 1323 329 1371 incerta
347 1336 421 1369 cano.
449 1335 518 1368 nunc
532 1336 584 1382 qua
595 1321 696 1369 ratione
709 1321 782 1382 quod
796 1322 880 1372 instat

91 1417 124 1459 50
144 1411 266 1474 expedias
279 1411 359 1458 victor
373 1411 470 1472 paucis,
487 1410 598 1468 adverte,
614 1409 722 1457 docebo.

143 1500 258 1548 Arcades
271 1499 311 1547 his
325 1499 385 1557 oris,
402 1513 482 1560 genus
496 1513 511 1545 a
524 1497 641 1545 Pallante
653 1496 827 1559 profectum,

144 1588 188 1650 qui
200 1602 288 1650 regem
300 1587 450 1634 Euandrum
464 1587 578 1644 comites,
594 1586 637 1648 qui
651 1586 727 1647 signa
739 1589 835 1647 secuti,

144 1677 262 1738 delegere
274 1677 361 1724 locum
374 1683 399 1724 et
411 1689 520 1738 posuere
533 1675 560 1721 in
573 1674 704 1722 montibus
718 1675 813 1724 urbem

142 1765 269 1815 Pallantis
282 1765 372 1827 proavi
386 1764 416 1812 de
430 1764 534 1810 nomine
547 1763 720 1811 Pallanteum.

92 1859 124 1901 55
143 1853 169 1900 hi
183 1852 280 1901 bellum
294 1853 400 1900 adsidue
414 1853 511 1900 ducunt
524 1866 582 1899 curn
595 1857 671 1911 gente
684 1850 799 1913 Latiua3

144 1942 191 1989 hos
205 1942 295 1989 castris
308 1942 402 1990 adhibe
416 1941 500 1989 socios
514 1948 538 1987 et
551 1940 655 1987 foedera
667 1939 756 2001 iunge.

143 2031 199 2092 ipse
213 2044 261 2090 ego
275 2038 299 2077 te
312 2030 374 2092 ripis
388 2038 413 2078 et
425 2036 495 2077 recto
508 2029 612 2076 flumine
626 2029 728 2087 ducam,

145 2120 279 2166 adversum
291 2118 368 2166 remis
382 2132 486 2180 superes
500 2117 632 2165 subvectus
646 2124 674 2163 ut
687 2132 802 2167 amnem.

144 2221 220 2268 surge
233 2221 290 2268 age,
305 2214 365 2254 nate
379 2206 435 2263 dea,
452 2206 592 2268 primisque
606 2205 757 2254 cadentibus
771 2211 852 2258 astris

93 2302 125 2345 60
144 2296 239 2345 Iunoni
252 2295 289 2344 fer
302 2296 349 2342 rite
362 2309 451 2357 preces
464 2295 580 2356 iramque
593 2295 729 2356 minasque

145 2384 303 2447 supplicibus
317 2398 410 2446 supera
423 2384 495 2430 rotis.
523 2383 586 2430 mihi
599 2384 680 2430 victor
693 2383 824 2434 honorem

136 2474 281 2539 persolves.
310 2486 359 2536 ego
372 2486 439 2531 sum,
453 2472 530 2534 pleno
544 2474 620 2533 qu'cm
633 2472 739 2520 flumine
752 2476 841 2525 cernis

127 2567 313 2632 stringentem
327 2565 401 2630 ripas
416 2570 444 2612 et
454 2561 568 2627 pinguia
580 2560 652 2605 culta
661 2566 803 2612 sesamam,

117 2661 273 2712 caeruleus
287 2657 426 2726 Thybris,
444 2653 523 2704 eaelo
538 2644 706 2711 grassatum
715 2639 812 2682 amans.
