1816 2956
275 181 423 221 AENEIDOS
442 183 530 221 LIBER
547 183 590 222 111.
773 173 782 218 l
794 174 830 220 97

102 354 191 388 rursus
204 340 236 388 ed
251 339 367 388 oraclum
381 336 504 400 Ortygiae
517 338 703 400 Phoebumque
716 353 834 386 remenso

103 428 222 476 hortetur
234 436 307 491 pater
319 428 357 475 ire
369 426 433 474 mari
448 427 600 489 veniamque
614 428 723 489 precari,

49 522 82 566 45
103 531 183 579 quam
198 516 270 565 sessis
284 517 362 565 finem
373 516 450 564 rebus
464 514 537 573 leret,
552 501 622 562 unde
635 514 754 563 laborum

102 612 228 667 temptare
241 605 367 653 auxilium
380 604 475 663 iubeat,
492 618 544 666 quo
556 611 653 652 vortere
667 618 763 652 cursus.

137 693 197 742 Nox
209 700 265 742 erut
276 700 301 742 et
313 694 386 742 terris
400 693 523 741 animalia
535 707 640 740 somnus
654 693 779 741 habebut:

102 782 201 844 efligies
214 797 302 830 sacrae
316 782 403 830 divom
414 781 572 844 Phrygiique
585 762 700 844 penates,

103 886 168 934 quos
181 885 282 920 meeum
296 886 311 918 a
324 871 404 919 Troia
416 871 560 932 mediisque
573 884 605 918 ex
618 868 721 930 ignibus
734 868 804 915 urbis

50 964 83 1008 50
103 960 254 1018 extuleram,
270 959 316 1006 visi
333 967 393 1008 ante
406 960 496 1007 oeulos
510 959 612 1007 adstare
625 957 732 1006 incentis

101 1048 129 1095 in
142 1048 248 1107 somnis,
264 1049 347 1095 multo
361 1047 489 1096 manifesti
502 1047 609 1105 lumine,
627 1061 678 1108 qun
690 1060 717 1093 se

102 1137 181 1199 plenu
193 1151 238 1199 per
250 1137 360 1184 insertos
374 1135 497 1184 fundebat
511 1137 573 1184 luna
585 1135 725 1193 fenestros3

102 1232 157 1273 tum
169 1225 207 1273 sio
220 1224 304 1273 adfari
317 1231 342 1272 et
355 1239 428 1272 curas
442 1224 482 1272 his
496 1226 597 1272 demere
610 1223 693 1271 dietis.

98 1303 181 1376 ‘quod
194 1313 240 1360 tibi
254 1313 340 1361 deluto
355 1311 489 1374 Ortygiam
503 1314 616 1361 dicturus
630 1312 760 1374 Apellen,

51 1406 82 1450 55
103 1401 146 1450 bic
160 1401 230 1450 canit
242 1409 267 1449 et
279 1410 325 1449 tua
337 1416 384 1448 nos
398 1416 430 1449 en
443 1402 512 1449 ultro
526 1402 558 1449 ad
572 1401 662 1449 limina
674 1401 760 1447 mittit.

103 1504 151 1538 nos
164 1498 188 1539 te
200 1491 337 1539 Dardania
350 1491 456 1539 incensa
468 1497 564 1552 tuoque
578 1504 650 1537 arma
662 1489 752 1547 secuti,

102 1594 149 1628 uos
163 1580 289 1628 tumidum
303 1579 350 1627 sub
364 1587 388 1627 te
402 1579 529 1642 permensi
544 1579 669 1627 elassibus
683 1592 789 1640 aequor,

101 1659 171 1716 idem
183 1676 303 1718 venturos
317 1670 437 1717 tollemus
450 1668 477 1714 in
491 1675 560 1715 estre
573 1674 678 1729 nepotes

99 1757 288 1820 imperiumque
301 1758 358 1805 urbi
372 1757 498 1804 dabimus
527 1762 553 1802 tu
567 1756 670 1804 moenia
681 1754 792 1816 mugnis·

49 1847 82 1892 60
100 1859 198 1906 magna
211 1861 274 1908 para
287 1847 446 1908 longumque
459 1845 536 1905 fugae
549 1859 582 1892 ne
600 1845 688 1907 linque
708 1843 831 1891 laborem.

100 1933 242 1982 mutandae
255 1936 337 1982 sedes.
365 1948 418 1981 non
432 1934 496 1981 heeo
509 1933 556 1980 tibi
570 1933 647 1981 litora
660 1934 740 1980 suasit

99 2020 192 2069 Delius
206 2031 251 2070 aut
264 2021 356 2071 Cretae
369 2022 444 2069 iussit
456 2022 590 2070 considere
603 2022 710 2085 Apollo.

104 2117 143 2158 est
155 2110 236 2169 loeus,
252 2111 404 2173 Hesperium
418 2109 480 2158 Grai
494 2111 649 2173 cognomine
663 2111 760 2171 dicunt,

102 2206 174 2246 terra
187 2199 309 2262 antiqua,
330 2207 421 2262 potens
435 2200 512 2247 ermis
527 2208 604 2262 etque
618 2200 695 2248 ubere
708 2199 834 2261 glaebue;

49 2291 80 2335 55
101 2285 210 2335 Oenotri
224 2288 327 2336 coluere
340 2288 403 2346 viri;
424 2303 493 2336 nunc
507 2288 576 2336 fama
590 2289 702 2337 minores

98 2374 204 2423 Italiam
218 2375 313 2424 dixisse
327 2376 399 2424 ducis
413 2377 563 2425 denomino
576 2386 695 2438 gent-em:

98 2464 148 2512 hue
161 2464 237 2512 nobis
250 2465 370 2527 propriae
384 2466 466 2525 sedes,
481 2466 542 2513 hino
555 2465 694 2513 Dardanus
709 2472 788 2522 ortus,

98 2553 234 2615 Iasiusque
247 2560 328 2616 pater,
345 2567 426 2615 genus
440 2569 456 2601 u
469 2568 520 2616 quo
534 2553 651 2617 principe
664 2559 789 2600 nostrum.

98 2656 175 2704 surgo
189 2656 237 2704 ege
252 2649 276 2690 et
289 2642 353 2690 haee
366 2641 448 2689 laetus
462 2642 589 2704 longaevo
604 2641 675 2688 dictu
687 2642 794 2703 parenti
