1816 2956
274 193 422 235 Annnrnos
440 195 527 235 urana
543 195 574 235 x.
761 187 821 236 429

97 352 181 400 caedit
194 353 351 401 semianimis
364 353 519 400 Rutulorum
532 353 646 403 calcibus
660 369 729 404 arva.

51 445 76 488 l5
98 457 128 489 ao
141 441 210 489 velut
223 449 310 504 optato
324 443 406 490 ventis
421 449 517 491 aestate
530 443 624 491 coortis

97 530 213 592 dispersa
225 531 331 578 inmittit
343 531 413 579 silvis
426 531 547 580 incendia
560 539 665 594 past0r3

97 620 221 682 correptis
234 619 319 667 subito
333 620 424 668 mediis
437 621 583 669 extenditur
595 636 647 668 una

98 709 203 756 horrida
216 723 261 772 per
274 709 340 756 latos
354 709 421 757 acies
434 710 563 759 Volcania
578 724 699 772 campos3

97 797 142 846 ille
155 799 246 847 sedens
260 798 341 846 victor
353 798 469 846 flammas
484 799 615 861 despectat
627 807 746 846 ovantes:

51 889 79 932 10
99 900 151 931 non
165 886 238 934 alitor
251 887 351 935 socium
363 887 442 935 virtus
456 888 508 936 coit
521 889 604 936 omnis
618 888 644 934 in
659 901 739 934 unum

99 981 174 1035 teque
187 974 265 1034 iuvat,
281 975 364 1023 Palla.
392 976 436 1024 sed
451 976 526 1024 bellis
540 992 599 1026 acer
611 976 738 1024 Halaesus

100 1063 181 1109 tendit
194 1063 220 1109 in
235 1063 354 1138 adversos
367 1078 446 1126 seque
459 1064 485 1110 in
499 1079 546 1113 sua
560 1065 661 1127 colligit
673 1079 753 1112 arma.

99 1150 141 1198 hic
154 1157 250 1200 maetat
262 1150 372 1199 Ladona
384 1151 545 1216 Pheretaque
557 1154 800 1216 Demodocumque,

99 1238 246 1301 Strymonio
261 1241 377 1288 dextram
390 1241 499 1302 fulgenti
514 1242 607 1305 deripit
619 1257 680 1292 cnse

50 1333 78 1375 15
99 1328 194 1376 elatam
206 1328 233 1375 in
246 1329 373 1391 iugulum,
389 1345 453 1378 saxo
466 1330 524 1379 ferit
536 1345 582 1380 ora
595 1331 722 1380 Thoantis

101 1432 210 1479 ossaque
225 1417 345 1481 dispersit
358 1418 461 1468 cerebro
475 1418 602 1481 permixta
616 1427 729 1469 cruento.

99 1507 152 1555 fata
165 1522 256 1556 cavens
270 1508 340 1556 silvis
354 1509 456 1570 genitor
469 1509 565 1557 celarat
578 1508 731 1557 Halaesum:

99 1603 126 1642 ut
139 1597 225 1644 senior
238 1598 289 1645 leto
304 1597 423 1645 canentia
436 1597 535 1645 lumina
547 1596 632 1656 solvit,

98 1685 208 1733 iniecere
221 1700 328 1734 manum
341 1700 434 1747 parcae
447 1686 556 1748 telisque
569 1692 704 1733 sacrarunt

51 1779 79 1821 20
98 1773 221 1821 Euandri.
250 1787 326 1836 quem
339 1774 376 1821 sic
388 1774 476 1821 Pallas
490 1773 554 1836 petit
566 1779 625 1821 ante
638 1781 767 1836 precatus,

95 1852 140 1908 ‘da
153 1876 230 1920 nnnc,
246 1861 344 1924 Thybri
357 1867 437 1924 pater,
454 1861 521 1909 serro
535 1862 604 1924 quod
618 1862 716 1910 missile
729 1863 796 1912 libro

99 1950 227 1998 fortunam
242 1956 318 2011 atque
331 1950 398 1997 viam
412 1949 468 1996 duri
482 1964 528 2012 per
540 1956 629 2012 pectus
642 1951 758 2000 Halaesi.
833 2018 836 2023 Ι

98 2038 162 2086 haec
176 2053 247 2085 arma
260 2038 416 2100 exuviasque
429 2038 475 2086 viri
489 2046 533 2087 tua
546 2054 655 2102 quercus
668 2034 793 2090 habebit’

98 2126 180 2173 audiit
192 2126 239 2173 illa
252 2127 329 2175 deus:
352 2127 413 2175 dum
426 2127 489 2176 texit
501 2127 611 2176 Imaona
623 2129 759 2191 Halaesus,

51 2220 77 2262 25
99 2215 212 2262 Arcadio
225 2215 317 2263 infelix
329 2216 380 2264 telo
395 2215 440 2264 dat
451 2223 540 2278 pectus
553 2216 689 2266 inermum.

99 2311 125 2350 at
138 2317 190 2351 non
204 2303 282 2351 caede
294 2304 340 2351 viri
354 2309 427 2352 tanta
439 2305 573 2367 perterrita
585 2305 695 2367 Lausus,

98 2406 156 2453 pars
175 2392 266 2453 ingens
280 2392 351 2453 belli,
371 2393 433 2441 sinit
445 2394 564 2455 agmina:
585 2395 683 2457 primus
696 2394 826 2445 Abantem

98 2480 246 2541 oppositum
252 2480 384 2542 interimit,
394 2497 498 2544 pugnae
505 2483 658 2545 nodumque
663 2497 837 2540 moramque.

93 2569 216 2615 sternitur
224 2570 357 2621 Arcadiae
368 2573 471 2638 proles,
488 2580 648 2625 sternuntur
656 2567 787 2620 accuser,

51 2658 62 2696 9
79 2661 108 2700 et
120 2669 172 2714 ros,
190 2671 205 2704 o
219 2655 297 2710 Grais
310 2662 455 2730 inperdita
470 2679 615 2734 corpora,
626 2652 755 2708 Teucri·
