1816 2956
93 183 158 231 410
335 192 361 230 P.
378 189 500 230 VERGlLI
520 189 651 229 Mnnoms

167 363 290 410 excepere
304 362 398 407 aurae3
419 347 511 395 volnus
525 345 647 394 Saturnia
660 346 726 394 Iuno

167 437 274 485 detorsit
286 437 390 485 veniens
404 442 545 499 portaeque
558 435 674 497 infigitur
687 435 772 483 hasta.

164 515 201 573 ‘at
214 539 266 572 non
280 525 331 573 hoc
344 525 433 584 telum,
449 538 507 572 mea
520 524 589 585 quod
603 524 627 570 vi
641 524 748 572 dextera
761 533 857 583 versat,

93 617 147 663 745
167 613 288 675 effugies:
311 628 394 676 neque
408 612 476 662 enirn
489 612 511 660 is
524 613 568 661 teli
582 627 630 661 nec
642 612 756 661 volneris
772 605 883 662 aucton'

167 703 204 750 sic
217 703 254 750 ait
267 709 292 751 et
304 701 434 749 sublatum
447 701 498 748 alte
512 700 645 763 consurgit
656 701 683 748 in
697 715 788 750 ensem

168 798 194 840 et
205 791 318 839 mediam
331 790 399 838 ferro
411 790 516 850 gemina
529 790 596 837 inter
608 798 726 852 tempora
738 790 856 840 frontem

167 880 258 928 dividit
270 878 431 942 inpubesque
443 878 543 926 inmani
556 879 659 935 volnere
673 878 768 927 malas.

167 968 196 1016 fit
208 983 295 1027 sonus,
311 967 409 1029 ingenti
423 981 550 1015 concussa
563 974 600 1015 est
612 967 728 1029 pondere
741 970 833 1028 tellus,

94 1061 148 1106 750
168 1057 306 1119 conlapsos
320 1064 389 1104 artus
403 1062 481 1118 atque
494 1070 566 1105 arma
579 1063 684 1104 cruenta
698 1057 810 1106 cerebro

167 1146 258 1194 sternit
270 1145 341 1193 humi
355 1145 467 1192 moriens
482 1151 559 1207 atque
573 1145 611 1193 illi
624 1144 741 1207 partibus
756 1148 851 1210 aequis

167 1234 218 1282 huc
231 1243 309 1296 caput
322 1241 399 1295 atque
412 1233 475 1281 illuc
488 1248 577 1282 umero
590 1248 623 1282 ex
634 1241 745 1296 utroque
766 1237 895 1299 pependit

169 1322 308 1384 diffugiunt
320 1323 384 1371 versi
398 1322 499 1384 trepida
511 1322 649 1371 formidine
662 1322 754 1371 Troes.

168 1419 201 1470 et,
218 1411 238 1458 si
253 1411 375 1459 continno
388 1411 510 1458 victorem
524 1425 555 1458 en
569 1425 630 1459 cura
643 1410 764 1471 subisset,

94 1504 148 1549 755
167 1514 285 1561 rumpere
299 1500 411 1548 claustra
423 1514 502 1547 mann
516 1500 652 1562 sociosque
665 1499 801 1552 inmittere
812 1479 896 1567 portis,¹

168 1589 273 1636 ultimus
287 1589 331 1637 ille
345 1588 398 1635 dies
412 1588 481 1636 bello
494 1589 617 1650 gentique
630 1588 728 1636 fuisset.

168 1679 212 1725 sed
226 1677 297 1724 furor
311 1679 443 1725 ardentem
457 1677 594 1738 caedisque
607 1677 700 1724 insana
714 1680 815 1741 cupido

168 1767 221 1828 egit
233 1767 260 1813 in
274 1768 403 1814 adversos.

168 1855 296 1916 principio
309 1855 441 1902 Phalerim
455 1863 479 1902 et
492 1856 592 1902 succiso
606 1855 704 1916 poplite
719 1853 816 1918 Gygen

96 1947 148 1991 760
168 1943 278 2004 excipit:
300 1942 360 1991 hinc
374 1951 459 2005 raptas
473 1944 630 2004 fugientibus
644 1944 739 2003 ingerit
754 1946 847 1996 hastas

168 2031 195 2078 in
208 2040 325 2092 tergnm;
345 2032 410 2079 Iuno
424 2033 489 2080 viros
503 2033 669 2093 animumque
683 2033 827 2085 ministrat.

168 2120 241 2167 addit
253 2120 346 2181 Halym
360 2122 480 2168 comitem
493 2127 518 2168 et
531 2121 632 2168 confixa
645 2119 751 2182 Phegea
766 2139 877 2186 parma3

168 2208 273 2270 ignaros
287 2209 380 2257 deinde
394 2210 420 2256 in
435 2209 512 2256 muris
526 2209 686 2270 Martemque
700 2209 803 2260 cientes

168 2298 380 2360 Alcandrumque
394 2297 551 2359 Haliumque
560 2297 745 2359 Noemonaque
755 2299 898 2364 Prytaninr·

471 2401 528 2448 que.

95 2479 144 2526 765
164 2476 272 2541 lyncea
285 2475 434 2525 tendentem
446 2482 536 2522 contra
549 2475 684 2535 sociosque
699 2486 845 2529 vocantem

158 2570 278 2620 vibranti
295 2567 388 2634 gladio
402 2565 516 2615 conixus
530 2562 561 2607 alr
575 2575 670 2619 arguare
681 2561 770 2606 denter

150 2672 300 2732 occupat·
321 2659 391 2712 huie
404 2669 463 2706 nno
479 2652 616 2700 deiectum
627 2642 774 2689 exinanimur
782 2645 850 2690 'ma
