1816 2956
279 190 427 230 Aannruos
447 191 534 228 alana
552 190 592 228 vl.
771 180 833 228 313

66 403 68 412 Ι
106 349 199 410 gloria,
216 349 259 410 qui
273 355 396 395 maneant
407 348 474 395 Itala
488 348 518 395 de
531 354 608 408 gente
621 353 736 409 nepotes,

106 438 221 485 inlustris
235 436 334 484 animas
347 442 515 498 nostrumque
528 437 554 483 iu
568 450 664 485 nomen
677 435 756 482 ituras

106 527 243 590 expediam
256 524 331 572 dictis
344 531 369 572 et
382 530 407 571 te
419 531 464 572 tua
477 525 530 574 sata
543 525 652 573 docebo.

54 619 86 662 60
106 615 159 674 ille,
174 614 254 672 vides,
269 627 334 675 pura
346 612 445 660 iuvenis
459 613 503 675 qui
517 613 606 661 nititur
618 613 702 671 hasta,

105 704 225 766 proxima
236 707 305 750 sorte
317 708 387 750 tenet
399 701 464 749 lucis
478 701 545 760 loca,
561 700 658 763 primus
671 702 703 748 ad
717 716 794 748 auras

106 792 233 840 aetherias
246 791 313 840 Italo
328 790 482 838 commixtus
495 790 622 851 sauguine
634 797 731 851 surget,

106 879 209 938 Silvius,
224 878 357 927 Albanum
370 893 473 937 nornen,
489 886 534 927 tua
546 886 667 941 postuma
679 879 775 940 proles,

106 984 182 1032 quern
195 969 241 1016 tibi
254 969 381 1029 longaevo
395 982 479 1015 serum
492 968 601 1015 Lavinia
614 967 729 1016 coniunx

54 1063 85 1106 65
106 1059 197 1106 educet
209 1057 278 1105 silvis
292 1071 378 1118 regem
391 1071 533 1119 regumque
546 1063 689 1120 parentem,

104 1146 173 1194 unde
185 1160 266 1207 genus
279 1146 373 1207 Longa
385 1153 502 1193 nostrum
515 1144 689 1192 dominabitur
701 1143 779 1192 Alba.

104 1235 237 1298 proximus
250 1235 294 1283 illc
307 1234 413 1293 Procas,
429 1234 558 1282 Troianae
571 1234 656 1295 gloria
668 1233 761 1295 gentis,

105 1332 129 1372 et
143 1322 228 1386 Capys
242 1332 267 1371 et
279 1323 398 1371 Numitor
411 1331 436 1371 et
449 1324 493 1386 qui
507 1330 531 1371 te
544 1323 649 1370 nomine
662 1323 752 1370 reddet

104 1411 198 1460 Silvius
211 1414 324 1472 Aeneae,
340 1413 435 1475 pariter
448 1413 543 1475 pietate
556 1413 595 1460 vel
609 1411 687 1459 armis

51 1503 83 1549 70
103 1501 231 1563 egregius,
247 1502 268 1549 si
283 1517 406 1564 umquam
418 1502 578 1563 regnandam
591 1498 832 1562 acceperitAlbam.

104 1591 148 1652 qui
162 1590 281 1638 iuvenes!
303 1598 413 1652 quantas
427 1597 565 1647 ostentant,
581 1589 676 1652 aspice,
692 1589 757 1636 vires

104 1686 181 1740 atque
194 1679 312 1726 umbrata
325 1686 419 1740 gerunt
431 1678 501 1727 civili
514 1685 631 1740 tempora
644 1677 755 1740 quercui

103 1768 129 1814 hi
143 1768 189 1814 tibi
203 1767 358 1814 Nomentum
372 1775 397 1815 et
410 1765 507 1815 Gabios
520 1767 662 1828 urbemque
674 1765 808 1824 Fidenam,

103 1856 129 1902 hi
144 1853 289 1902 Collatinas
302 1855 427 1916 inponent
439 1856 570 1903 montibus
584 1869 665 1912 arces,

53 1947 84 1991 75
104 1942 236 1990 Pometios
251 1941 423 2004 Castrumque
440 1944 497 1991 Inui
515 1943 661 2005 Bolamque
674 1940 830 2005 Coramque.

103 2032 167 2080 haec
187 2040 241 2078 tum
260 2031 367 2079 nomina
387 2039 475 2090 erunt,
497 2047 566 2080 nuuc
583 2039 643 2080 sunt
659 2032 714 2080 sine
727 2032 834 2080 nornine

404 2128 495 2169 terrae.

104 2209 166 2271 quin
180 2215 265 2256 atavo
280 2210 400 2258 comitem
413 2223 469 2256 sese
481 2209 623 2256 Mavortius
637 2209 714 2257 addet

102 2298 236 2356 Romulus,
252 2298 373 2345 Assaraci
387 2312 464 2360 quem
476 2298 610 2359 sanguinis
624 2297 673 2346 ilia
685 2305 767 2346 mater

102 2387 202 2434 educet.
230 2387 306 2434 viden
319 2395 347 2432 ut
359 2387 478 2447 geminae
491 2393 560 2434 stant
573 2385 667 2434 vertice
680 2386 773 2435 cristae

51 2480 82 2522 80
102 2482 127 2523 et
139 2484 212 2537 pater
225 2475 280 2537 ipse
293 2490 340 2522 suo
354 2490 475 2537 superum
487 2475 540 2523 iarn
552 2475 639 2537 signat
650 2473 768 2523 honore?

102 2577 134 2611 en
147 2563 232 2622 huius,
248 2571 316 2622 nate,
333 2564 454 2626 auspiciis
467 2564 514 2612 illa
526 2564 625 2613 incluta
637 2563 721 2612 Roma

101 2652 238 2714 imperium
250 2654 333 2712 terris,
350 2654 450 2701 animos
464 2653 589 2716 aequabit
600 2650 719 2713 Oiumpo
