1816 2956
288 195 437 235 Aruernos
456 197 542 236 LIBER
556 198 586 235 11.
776 191 833 237 177

107 353 160 401 tela
174 367 252 400 manu
266 353 352 400 miseri
366 353 498 401 iactabant
510 353 588 402 inrita
601 354 704 403 Teucri.

53 446 89 489 60
106 441 198 489 turrim
211 441 238 488 in
251 442 385 504 praecipiti
399 448 509 489 stantem
528 443 686 506 summisque
703 445 750 493 sub
768 455 837 494 astra

107 529 226 577 eductum
239 530 322 588 tectis,
339 530 406 578 unde
419 530 503 578 omnis
516 530 596 580 Troia
608 532 687 580 videri

107 624 132 666 et
144 617 266 667 Danaum
280 618 372 666 solitae
385 632 462 666 naves
476 625 501 667 et
513 619 615 668 Achaia
628 630 720 680 castra,

105 708 220 770 adgressi
233 709 301 757 ferro
315 707 420 765 circum,
436 723 488 769 qua
500 723 601 756 summa
614 709 726 758 labantis

104 797 237 846 iuncturas
251 797 366 845 tabulata
380 795 485 855 dabant,
501 797 669 846 convellimus
682 800 741 847 altis

51 891 84 934 65
105 886 209 935 sedibus
221 887 431 948 inpulimusque3
452 900 482 933 ea
497 886 570 948 lapsa
582 887 686 948 repente
700 888 800 937 ruinam

105 990 163 1023 cnm
177 975 264 1022 sonitu
277 974 357 1023 trahit
369 981 395 1022 et
407 972 528 1022 Danaum
542 988 619 1036 super
632 977 738 1037 agmina
751 978 803 1025 late

103 1063 203 1112 incidit.
231 1070 272 1113 ast
284 1063 329 1111 alii
342 1063 460 1120 subeunt,
477 1077 525 1110 nec
537 1077 601 1110 saxa
614 1078 662 1112 nec
674 1065 758 1113 ullum

103 1153 214 1200 telorum
226 1153 325 1201 interea
339 1158 422 1199 cessat
434 1166 524 1212 genus.

139 1240 302 1290 Vestibulum
316 1249 376 1289 ante
389 1240 474 1302 ipsum
487 1241 623 1303 primoque
635 1240 662 1288 in
676 1240 765 1290 limine
772 1242 834 1304 Pyr-

406 1329 467 1376 rhus

51 1424 84 1469 70
104 1419 212 1477 exultat,
228 1419 286 1467 telis
299 1425 324 1466 et
337 1419 393 1466 lucc
407 1432 528 1466 coruscus
543 1433 617 1476 aena,

103 1506 187 1570 qualis
200 1507 245 1554 ubi
258 1508 285 1555 in
299 1507 383 1554 lucem
397 1506 503 1554 coluber
515 1506 584 1555 mala
597 1507 715 1568 gramina
732 1516 829 1570 pastus,

103 1596 198 1658 frigida
211 1595 258 1643 sub
272 1603 339 1644 terra
353 1596 479 1643 tumidum
493 1610 570 1658 quem
583 1596 675 1645 bruma
688 1596 798 1656 tegebat,

101 1699 172 1733 nunc
184 1685 274 1747 positis
288 1698 368 1732 novos
382 1684 479 1732 exuviis
494 1685 641 1747 nitidusque
654 1684 757 1733 iuventa

102 1773 203 1822 lubrica
216 1773 345 1821 convolvit
357 1773 459 1821 sublato
472 1781 575 1835 pectore
589 1780 669 1833 terga,

51 1868 81 1911 75
103 1862 197 1910 arduos
211 1863 243 1910 ad
257 1863 348 1920 solem,
364 1868 390 1910 et
402 1862 497 1923 linguis
510 1862 590 1909 micat
602 1876 646 1909 ore
660 1862 780 1911 trisulcis.

101 1965 155 2000 una
166 1951 258 2012 ingens
271 1951 395 2013 Periphas
409 1958 434 1999 et
446 1965 571 2012 equorum
584 1950 696 2011 agitator
707 1951 828 2011 Achillis,

101 2038 214 2100 armiger
225 2040 401 2098 Automedon,
417 2055 468 2089 una
482 2041 566 2088 omnis
580 2038 669 2102 Scyria
682 2039 762 2102 pubes

100 2129 243 2176 succedunt
255 2135 322 2177 tecto
336 2136 361 2176 et
373 2129 489 2177 flammas
503 2129 536 2177 ad
549 2129 663 2178 culmina
676 2128 781 2178 iactant.

100 2217 156 2279 ipse
168 2217 235 2264 inter
247 2217 343 2279 primos
357 2225 474 2279 correpta
488 2218 552 2266 dura
565 2217 670 2281 bipenni

51 2310 81 2354 80
100 2306 192 2354 limina
204 2304 347 2368 perrumpit
358 2313 496 2369 postesque
508 2323 524 2355 a
537 2306 642 2356 cardine
654 2307 726 2354 vellit

100 2399 210 2451 aeratos,
226 2393 330 2457 iamque
343 2395 430 2443 excisa
443 2396 513 2444 trabe
527 2396 600 2444 firma
614 2395 712 2444 cavavit

99 2481 194 2530 robora
207 2489 233 2530 et
244 2482 375 2544 ingentem
389 2484 441 2531 lato
456 2484 526 2533 dedit
539 2499 582 2533 ore
595 2484 742 2532 fenestram.

99 2572 208 2633 adparet
220 2571 311 2619 domus
325 2573 393 2619 intus
407 2579 432 2620 et
444 2573 509 2621 atria
522 2574 601 2634 longa
614 2578 758 2634 patescunt,

99 2661 227 2723 adparent
238 2660 333 2709 Priami
347 2668 373 2710 et
384 2669 500 2712 veterum
512 2661 666 2727 penetralia
675 2675 778 2721 regum

80 2742 195 2797 Vergilius,
647 2745 688 2791 Π,
