1816 2956
255 186 402 227 Aruernos
421 187 509 227 trane
524 189 556 227 x.
740 176 800 226 425

31 351 58 395 >0
81 352 282 408 spumantesque
294 353 361 395 rates
376 346 440 393 arvis
454 344 547 393 inferre
560 343 670 404 Latinis,

79 436 163 484 donec
175 442 259 483 rostra
272 442 359 483 tenent
371 434 468 482 siceum
481 441 506 482 et
518 434 606 483 sedere
620 435 723 483 carinae

78 538 167 573 omnes
181 524 318 573 innocuae.
345 524 390 572 sed
404 538 456 571 non
469 523 561 587 puppis
575 529 628 582 tua,
643 523 773 572 Tarchon.

77 627 190 676 namque
203 612 301 661 inflicta
312 613 371 661 vadi
385 613 461 661 dorso
475 613 536 660 dum
548 612 644 674 pendet
655 612 755 675 iniquo,

78 717 174 765 anceps
188 707 329 749 sustentata
343 701 386 748 diu
399 701 542 764 fluctusque
555 700 655 761 fatigat,

30 795 57 838 15
77 791 184 839 solvitur
198 797 275 852 atque
288 790 354 837 viros
368 790 459 838 mediis
473 790 579 853 exponit
591 789 619 836 in
632 789 724 850 undis3

77 878 206 939 fragmina
219 893 347 926 remorum
360 894 425 941 quos
438 885 463 927 et
475 878 602 927 fluitantia
614 884 726 926 transtra

78 965 214 1027 inpediunt
226 967 384 1029 retrahitque
396 967 489 1029 pedem
502 968 578 1015 simul
593 967 662 1014 unda
674 965 802 1015 relabens.

113 1053 166 1101 Nee
179 1053 296 1101 Turnum
308 1055 394 1116 segnis
407 1056 499 1103 retinet
511 1069 593 1114 mora,
609 1056 653 1104 sed
667 1055 734 1118 rapit
746 1070 805 1104 acer

78 1148 159 1189 totam
172 1142 254 1189 aciem
267 1142 293 1189 in
307 1142 421 1190 Teucros
434 1151 459 1191 et
472 1151 562 1193 eontra
575 1146 601 1191 in
615 1145 689 1192 litore
702 1144 776 1192 sistit.
805 1207 806 1210 Ἴ

31 1236 58 1277 te
78 1230 152 1290 signa
166 1236 269 1277 canunt.
297 1230 394 1292 primus
408 1238 504 1280 turmas
518 1232 611 1279 invasit
623 1233 730 1293 agrestis

77 1318 189 1374 Aeneas,
206 1331 281 1364 omen
295 1331 407 1378 pugnae,
423 1318 562 1378 stravitque
575 1316 691 1376 Latinos,

78 1404 163 1453 occiso
177 1404 306 1463 Therone,
322 1404 404 1453 virum
418 1404 462 1467 qui
475 1405 604 1452 maximus
617 1405 685 1454 ultro

77 1494 186 1542 Aenean
199 1492 272 1557 petit.
300 1493 360 1542 huic
373 1493 462 1555 gladio
475 1507 572 1556 perque
585 1507 660 1542 aerea
673 1500 739 1553 suta,

77 1597 122 1644 per
136 1582 249 1630 tunicam
269 1583 430 1645 squalentem
450 1597 528 1642 auro,
551 1582 619 1630 latus
633 1582 719 1631 haurit
731 1597 804 1646 aper·

378 1680 440 1719 tum.

31 1765 56 1808 ts
76 1761 137 1809 inde
149 1760 250 1809 Lichan
264 1761 330 1819 ferit,
347 1768 464 1809 exectum
477 1761 529 1809 iam
542 1767 623 1808 matre
635 1766 769 1822 perempta

77 1856 102 1898 et
114 1850 169 1909 tibi,
186 1848 298 1908 Phoebe,
315 1864 425 1908 sacrum,
442 1864 515 1897 easus
530 1848 637 1896 evadere
649 1848 710 1896 ferri

77 1939 146 2000 quod
160 1938 234 1987 licuit
246 1951 333 1999 parvo.
362 1952 410 1985 nec.
422 1938 509 1999 longe,
526 1937 616 1985 Cissea
629 1937 721 1985 durum

74 2026 257 2087 inmanemque
272 2024 355 2088 Gyan,
371 2025 505 2073 sternentis
520 2026 625 2087 agmina
638 2027 719 2087 clava,

77 2113 170 2160 deiecit
181 2113 261 2161 Leto:
277 2113 342 2162 nihil
356 2115 415 2162 illos
429 2113 547 2162 Herculis
561 2130 633 2164 arma

31 2207 55 2248 20
75 2216 123 2249 nee
136 2202 237 2250 validae
250 2203 336 2251 iuvere
349 2218 440 2251 manus
453 2203 606 2266 genitorque
619 2204 774 2268 Melampus,

75 2290 184 2337 Alcidae
198 2306 284 2340 comes
298 2307 379 2354 usqne
392 2293 475 2353 gravis
490 2294 550 2341 dum
563 2301 631 2341 terra
644 2294 745 2342 labores

76 2379 202 2440 praebuit.
230 2394 289 2428 ecee
302 2380 395 2439 Pharo,
411 2395 485 2430 voces
499 2383 560 2430 dum
573 2383 652 2430 iactat
665 2383 766 2441 inertes,

74 2468 224 2530 intorquens
237 2469 351 2518 iaculum
365 2470 487 2519 clamanti
501 2471 568 2519 sistit
580 2472 607 2518 in
621 2486 673 2519 ore.

75 2565 102 2603 tu
116 2572 228 2619 quoquc,
245 2558 380 2607 flaventem
392 2559 476 2621 prima
489 2559 611 2621 lanugine
624 2561 706 2609 malas

31 2651 54 2696 25
75 2647 135 2696 dum
148 2648 262 2712 sequeris
271 2647 384 2712 Clytium
396 2648 496 2709 infelix,
511 2648 690 2710 novagaudia,
701 2647 808 2708 Cydon,
