1816 2956
107 161 121 207 2
130 161 144 208 5
152 161 170 209 8
344 171 370 210 Ρ.
388 169 510 210 vunelnl
530 169 661 210 nunonis

174 334 311 382 tunicatus
324 327 449 384 Anchisa,
466 327 564 375 cunctis
578 342 611 375 ex
622 342 694 378 more
706 330 813 389 vocatia,

104 421 154 465 245
172 416 297 474 ¹uictorem
310 430 406 478 magna
418 417 553 479 praeconis
566 431 628 476 voce
642 415 801 466 Cloanthum

160 502 162 505 ’
176 505 290 557 declarat
301 505 429 567 viridique
442 505 543 553 advelat
555 513 671 568 tempora
684 507 766 566 lauro,

175 608 334 656 muneraque
347 593 373 640 in
387 593 458 640 navis
472 600 557 641 ternos
571 601 661 656 optare
673 595 794 643 iuvencos

175 683 285 746 vinaque
298 689 323 731 et
335 682 434 744 argenti
448 695 570 743 magnum
584 683 628 729 dat
640 683 706 731 ferre
720 685 854 732 talentum.

175 771 237 834 ipsis
250 770 403 834 praecipuos
417 769 566 818 ductoribus
580 771 652 818 addit
664 771 790 821 honores:

105 865 156 909 250
175 860 266 910 victori
286 858 448 922 chlamydem
471 866 602 918 auratam,
628 862 838 923 quamplurima
857 863 898 911 cir·

477 963 535 996 cum

174 1051 289 1100 purpura
301 1037 443 1085 Maeandro
457 1037 554 1099 duplici
567 1037 697 1090 Meliboea
710 1039 830 1098 cucurrit,

175 1127 339 1189 intextusque
351 1140 415 1188 puer
428 1125 551 1173 frondosa
563 1126 649 1188 regius
662 1126 709 1173 Ida

174 1215 274 1265 veloces
287 1215 374 1265 iaculo
388 1230 476 1264 cervos
490 1229 616 1277 cursuque
630 1215 729 1276 fatigat,

175 1317 243 1361 acer,
259 1303 390 1352 anhelanti
405 1303 505 1362 similis,
521 1318 597 1366 quem
608 1318 718 1366 praepes
731 1305 763 1352 ab
777 1304 825 1352 Ida

105 1396 154 1440 255
174 1391 311 1441 sublimem
324 1391 432 1455 pedibus
446 1392 531 1454 rapuit
543 1391 610 1439 Iovis
624 1393 735 1453 armiger
748 1395 838 1453 uncis,

175 1480 295 1542 longaevi
307 1481 407 1543 palmas
420 1480 579 1542 nequiquam
592 1481 625 1528 ad
638 1482 723 1528 sidera
736 1483 845 1530 tendunt

175 1571 293 1622 custodes
307 1569 437 1631 saevitque
452 1583 544 1616 canum
558 1570 665 1617 latratus
678 1570 703 1616 in
719 1585 804 1618 auras.

175 1665 202 1708 at
214 1659 258 1722 qui
272 1659 365 1708 deinde
378 1659 465 1706 locum
478 1659 560 1707 tenuit
572 1659 664 1706 virtute
677 1659 828 1727 secundum,

145 1794 147 1798 ,
174 1748 272 1796 levibus
286 1748 346 1797 huic
359 1747 442 1794 hamis
456 1754 600 1795 consertam
614 1762 729 1809 auroque
743 1748 854 1796 trilicem

104 1841 155 1884 ‘260
175 1836 292 1897 loricam,
309 1852 386 1900 quam
398 1836 525 1886 Demoleo
539 1836 685 1884 detraxerat
697 1837 752 1898 ipse

174 1925 255 1972 victor
268 1926 336 1987 apud
350 1925 469 1988 rapidum
483 1924 616 1972 Simoenta
628 1924 674 1971 sub
688 1926 737 1972 Ilio
751 1926 813 1984 alto,

176 2014 256 2062 donat
268 2013 363 2062 habere
377 2014 440 2072 viro,
457 2015 533 2062 decus
548 2021 572 2061 et
585 2020 699 2060 tutamen
713 2014 739 2060 in
754 2015 841 2062 armis.

175 2102 217 2151 vix
230 2103 303 2151 illam
316 2102 405 2150 famuli
420 2103 537 2164 Phegeus
552 2101 708 2165 Sagarisque
721 2103 839 2152 ferebant

176 2191 355 2254 multiplicem,
372 2191 458 2239 conixi
471 2191 582 2248 umeris;
602 2191 707 2238 indutus
721 2200 747 2239 at
759 2191 823 2239 olim

107 2283 157 2326 265
176 2279 318 2329 Demoleos
331 2295 406 2329 cursu
419 2280 535 2342 palantes
549 2279 630 2327 Troas
644 2279 746 2340 agebat.

175 2369 251 2418 tertia
264 2370 334 2418 dona
346 2369 408 2417 facit
420 2369 537 2430 geminos
551 2384 583 2416 ex
595 2383 654 2416 aere
666 2368 763 2416 lebetas

176 2457 329 2521 cymbiaque
342 2464 449 2518 argento
464 2457 577 2519 perfecta
590 2464 667 2518 atque
681 2471 772 2518 aspera
784 2457 875 2520 signis.

176 2547 280 2609 iamque
294 2547 359 2594 adeo
374 2546 461 2594 donati
475 2560 564 2593 omnes
578 2545 722 2607 opibusque
736 2546 840 2608 superbi

168 2635 292 2699 puniceis
304 2635 379 2683 ibant
391 2635 483 2683 evincti
497 2641 614 2697 tempora
627 2634 718 2693 taenis,
