1816 2956
109 174 168 222 552
464 177 550 218 cluss.

177 337 314 386 horribiles
328 336 425 384 circum
438 335 502 382 vidit
513 349 540 382 se
552 334 642 382 sistere
654 334 751 382 formas

124 432 157 475 80
176 424 289 488 piscibus
302 432 328 471 ct
340 424 499 485 canibusque
512 423 587 470 malis
600 423 699 470 vallata
711 430 843 485 repentest

177 514 239 575 (lieu
253 512 371 574 quotiens
385 512 477 559 mirata
490 526 571 559 novos
583 511 711 572 expalluit
724 513 811 560 artrrs!

176 603 232 664 ipsa
245 615 305 648 suos
319 601 438 662 quotiens
451 600 501 647 heu
513 599 645 662 pertimuit
657 600 766 648 latratus
776 602 807 664 l),

176 705 239 739 ausu
252 689 322 751 quod
336 696 375 736 est
387 688 479 736 mulier
492 702 587 735 numen
600 687 720 736 fraudare
734 689 843 737 deornm

176 787 202 827 et
215 779 309 825 dictam
322 777 416 824 Veneri
430 784 549 823 iromrum
562 783 674 823 avertere
687 790 801 837 poenam
812 793 819 836 ς

124 873 156 915 85
177 882 270 930 quam,
291 865 361 912 mula
380 864 517 926 multiplici
536 864 657 911 iuvenum
677 865 748 926 quod
763 873 878 928 saeptus

476 959 547 1000 terra

176 1043 240 1088 vixit
252 1048 357 1102 eratque
370 1040 457 1087 animo
470 1041 591 1088 meretrix
603 1041 698 1088 iactata
711 1040 837 1099 serarum,

176 1130 298 1178 infamem
312 1129 356 1176 tali
371 1129 462 1175 merito
475 1143 579 1176 rumore
591 1129 668 1176 luisse

177 1220 253 1266 docta
266 1217 435 1279 Palaephatia
448 1224 554 1264 testatur
566 1232 629 1264 voce
641 1231 771 1280 papyrus:

176 1305 302 1369 quidquid
316 1313 341 1353 et
354 1313 382 1353 ut
395 1306 504 1368 quisque
517 1311 555 1353 est
567 1306 612 1353 tali
626 1307 658 1353 de
671 1306 746 1353 clade
760 1307 874 1364 locutus,

125 1400 157 1443 90
177 1395 353 1456 Mnemosyne,
368 1394 454 1455 potius
468 1394 545 1442 liceat
558 1402 690 1442 notescere
705 1394 772 1442 cirin

175 1491 253 1545 atquc
266 1498 344 1530 unam
358 1497 390 1530 ex
404 1483 490 1529 multis
504 1481 618 1544 Scyllam
631 1497 684 1529 non
698 1498 755 1531 esse
770 1485 875 1546 puellis.

176 1587 255 1634 quare
269 1586 334 1633 quae
348 1578 437 1618 cantus
451 1571 584 1618 meditanti
599 1572 698 1618 mittere
712 1573 798 1620 laetos

176 1676 270 1721 magna
284 1661 347 1707 milri
361 1660 455 1721 cupido
469 1660 593 1706 tribuistis
607 1660 732 1721 praemia,
750 1661 828 1710 divae

176 1749 298 1806 Pierides,
315 1764 423 1810 quarum
437 1756 521 1796 castos
535 1748 648 1809 calparia
661 1755 749 1809 postes

124 1843 155 1885 95
176 1852 281 1884 munere
294 1853 370 1900 saepe
384 1852 440 1884 meo
456 1836 573 1884 inficiunt
586 1835 736 1897 foribusque
751 1838 877 1900 hyacinth

176 1927 321 1986 dependent
333 1927 408 1973 ilores
422 1933 466 1972 alit
479 1940 555 1972 suave
569 1924 663 1971 rubens
677 1926 812 1974 narcissus

175 2021 219 2060 aut
232 2027 321 2060 crocus
335 2015 435 2061 alterna
449 2013 608 2072 coniungens
622 2013 677 2059 lilia
691 2014 782 2062 caltha

176 2115 315 2163 sparsaque
329 2102 460 2148 liminibus
473 2102 546 2148 floret
558 2116 625 2158 rosa,
641 2115 711 2148 nunc
724 2117 786 2164 age,
804 2106 877 2152 dirae

175 2188 311 2250 praecipue
325 2198 413 2236 nostro
428 2205 496 2236 nunc
511 2190 639 2250 adspirate
653 2189 735 2236 labori

107 2283 155 2325 100
176 2287 253 2338 atque
267 2292 360 2324 novum
374 2287 478 2325 aeterno
492 2278 632 2340 praetexite
647 2277 748 2326 honore
763 2284 878 2331 rolumer

211 2365 277 2411 Sunt
289 2366 441 2413 Pandioniis
455 2367 554 2414 uicinae
568 2366 671 2413 sedibus
686 2367 766 2416 urbes

174 2453 286 2500 Actaeos
300 2454 366 2501 iuter
380 2457 460 2502 colles
474 2464 499 2502 et
512 2455 624 2503 candida
636 2455 730 2504 Thesei

174 2543 309 2603 purpureis
324 2544 373 2591 late
387 2544 498 2591 ridentia
512 2544 588 2592 litora
602 2544 716 2602 conchis,

175 2646 284 2693 quarum
298 2647 349 2679 non
364 2632 410 2679 ulli
425 2633 495 2679 fama
507 2633 648 2680 concedere
662 2633 743 2696 digus
