<?xml version="1.0" encoding="UTF-8"?>
<!DOCTYPE html PUBLIC "-//W3C//DTD XHTML 1.0 Transitional//EN"
    "http://www.w3.org/TR/xhtml1/DTD/xhtml1-transitional.dtd">
<html xmlns="http://www.w3.org/1999/xhtml" xml:lang="en" lang="en">
 <head>
  <title>
</title>
<meta http-equiv="Content-Type" content="text/html;charset=utf-8" />
  <meta name='ocr-system' content='tesseract 3.04.00' />
  <meta name='ocr-capabilities' content='ocr_page ocr_carea ocr_par ocr_line ocrx_word'/>
</head>
<body>
  <div class='ocr_page' id='page_1' title='image "./pvergiliusmaro01virggoog/pvergiliusmaro01virggoog_0173.png"; bbox 0 0 1816 2956; ppageno 0'>
   <div class='ocr_carea' id='block_1_1' title="bbox 80 173 632 225">
    <p class='ocr_par' dir='ltr' id='par_1_1' title="bbox 80 173 632 225">
     <span class='ocr_line' id='line_1_1' title="bbox 80 173 632 225; baseline 0.007 -5"><span class='ocrx_word' id='word_1_1' title='bbox 80 173 138 221; x_wconf 73' lang='grc'><strong>164</strong></span> <span class='ocrx_word' id='word_1_2' title='bbox 316 184 343 222; x_wconf 87' lang='grc' dir='ltr'><strong>Ρ.</strong></span> <span class='ocrx_word' id='word_1_3' title='bbox 359 183 481 224; x_wconf 68' lang='lat' dir='ltr'><strong>vehetur</strong></span> <span class='ocrx_word' id='word_1_4' title='bbox 501 183 632 225; x_wconf 79' lang='lat' dir='ltr'>MARONIS</span> 
     </span>
    </p>
   </div>
   <div class='ocr_carea' id='block_1_2' title="bbox 55 341 872 2536">
    <p class='ocr_par' dir='ltr' id='par_1_2' title="bbox 55 341 872 2536">
     <span class='ocr_line' id='line_1_2' title="bbox 144 341 746 400; baseline 0.003 -12"><span class='ocrx_word' id='word_1_5' title='bbox 144 346 224 389; x_wconf 87' lang='lat' dir='ltr'><strong>staret</strong></span> <span class='ocrx_word' id='word_1_6' title='bbox 235 353 305 400; x_wconf 89' lang='lat' dir='ltr'><strong>ecus,</strong></span> <span class='ocrx_word' id='word_1_7' title='bbox 320 345 375 388; x_wconf 88' lang='lat' dir='ltr'><strong>toto</strong></span> <span class='ocrx_word' id='word_1_8' title='bbox 388 348 530 390; x_wconf 84' lang='lat' dir='ltr'><strong>sonuerunt</strong></span> <span class='ocrx_word' id='word_1_9' title='bbox 542 341 645 391; x_wconf 81' lang='lat' dir='ltr'>aethere</span> <span class='ocrx_word' id='word_1_10' title='bbox 657 343 746 390; x_wconf 83' lang='lat' dir='ltr'>nimbi.</span> 
     </span>
     <span class='ocr_line' id='line_1_3' title="bbox 144 428 812 492; baseline 0.006 -15"><span class='ocrx_word' id='word_1_11' title='bbox 144 428 261 492; x_wconf 79' lang='lat' dir='ltr'>suspensi</span> <span class='ocrx_word' id='word_1_12' title='bbox 274 428 433 492; x_wconf 82' lang='lat' dir='ltr'>Eurypylum</span> <span class='ocrx_word' id='word_1_13' title='bbox 446 430 581 479; x_wconf 79' lang='lat' dir='ltr'><strong>scitantem</strong></span> <span class='ocrx_word' id='word_1_14' title='bbox 594 433 700 480; x_wconf 80' lang='lat' dir='ltr'><strong>oracula</strong></span> <span class='ocrx_word' id='word_1_15' title='bbox 712 432 812 481; x_wconf 84' lang='lat' dir='ltr'>Phoebi</span> 
     </span>
     <span class='ocr_line' id='line_1_4' title="bbox 75 518 855 584; baseline 0.006 -18"><span class='ocrx_word' id='word_1_16' title='bbox 75 523 124 566; x_wconf 87' lang='lat'><strong>115</strong></span> <span class='ocrx_word' id='word_1_17' title='bbox 144 518 278 578; x_wconf 79' lang='lat' dir='ltr'><strong>mittimus,</strong></span> <span class='ocrx_word' id='word_1_18' title='bbox 293 518 367 581; x_wconf 87' lang='lat' dir='ltr'><strong>isque</strong></span> <span class='ocrx_word' id='word_1_19' title='bbox 379 518 462 580; x_wconf 78' lang='lat' dir='ltr'>adytis</span> <span class='ocrx_word' id='word_1_20' title='bbox 476 519 540 568; x_wconf 89' lang='lat' dir='ltr'><strong>haee</strong></span> <span class='ocrx_word' id='word_1_21' title='bbox 552 520 636 568; x_wconf 82' lang='lat' dir='ltr'><strong>tristia</strong></span> <span class='ocrx_word' id='word_1_22' title='bbox 649 521 718 570; x_wconf 86' lang='lat' dir='ltr'><strong>dieto</strong></span> <span class='ocrx_word' id='word_1_23' title='bbox 729 530 855 584; x_wconf 80' lang='lat' dir='ltr'><strong>reportat,</strong></span> 
     </span>
     <span class='ocr_line' id='line_1_5' title="bbox 140 595 774 670; baseline 0.005 -16"><span class='ocrx_word' id='word_1_24' title='bbox 140 595 290 668; x_wconf 78' lang='lat' dir='ltr'><strong>“sauguine</strong></span> <span class='ocrx_word' id='word_1_25' title='bbox 303 606 425 669; x_wconf 82' lang='lat' dir='ltr'><strong>placastis</strong></span> <span class='ocrx_word' id='word_1_26' title='bbox 438 614 527 655; x_wconf 90' lang='lat' dir='ltr'><strong>ventos</strong></span> <span class='ocrx_word' id='word_1_27' title='bbox 541 615 566 656; x_wconf 92' lang='lat' dir='ltr'><strong>et</strong></span> <span class='ocrx_word' id='word_1_28' title='bbox 578 608 677 670; x_wconf 84' lang='lat' dir='ltr'><strong>virgine</strong></span> <span class='ocrx_word' id='word_1_29' title='bbox 691 624 774 668; x_wconf 78' lang='lat' dir='ltr'><strong>caesa,</strong></span> 
     </span>
     <span class='ocr_line' id='line_1_6' title="bbox 144 695 807 759; baseline 0.003 -15"><span class='ocrx_word' id='word_1_30' title='bbox 144 711 203 758; x_wconf 87' lang='lat' dir='ltr'><strong>cnm</strong></span> <span class='ocrx_word' id='word_1_31' title='bbox 215 695 326 759; x_wconf 89' lang='lat' dir='ltr'><strong>primum</strong></span> <span class='ocrx_word' id='word_1_32' title='bbox 338 695 441 754; x_wconf 86' lang='lat' dir='ltr'><strong>Iliacas,</strong></span> <span class='ocrx_word' id='word_1_33' title='bbox 456 695 553 756; x_wconf 87' lang='lat' dir='ltr'><strong>Danai,</strong></span> <span class='ocrx_word' id='word_1_34' title='bbox 568 698 673 746; x_wconf 86' lang='lat' dir='ltr'><strong>venistis</strong></span> <span class='ocrx_word' id='word_1_35' title='bbox 687 699 720 746; x_wconf 89' lang='lat' dir='ltr'><strong>ad</strong></span> <span class='ocrx_word' id='word_1_36' title='bbox 734 713 807 746; x_wconf 87' lang='lat' dir='ltr'><strong>oras:</strong></span> 
     </span>
     <span class='ocr_line' id='line_1_7' title="bbox 145 784 833 848; baseline 0.003 -15"><span class='ocrx_word' id='word_1_37' title='bbox 145 784 273 848; x_wconf 86' lang='lat' dir='ltr'><strong>sanguine</strong></span> <span class='ocrx_word' id='word_1_38' title='bbox 286 784 428 847; x_wconf 77' lang='lat' dir='ltr'><strong>quaerendi</strong></span> <span class='ocrx_word' id='word_1_39' title='bbox 441 785 537 833; x_wconf 87' lang='lat' dir='ltr'><strong>reditus</strong></span> <span class='ocrx_word' id='word_1_40' title='bbox 551 786 689 848; x_wconf 79' lang='lat' dir='ltr'><strong>animaque</strong></span> <span class='ocrx_word' id='word_1_41' title='bbox 703 787 833 836; x_wconf 87' lang='lat' dir='ltr'><strong>litandum</strong></span> 
     </span>
     <span class='ocr_line' id='line_1_8' title="bbox 142 865 799 937; baseline 0.005 -16"><span class='ocrx_word' id='word_1_42' title='bbox 142 865 297 936; x_wconf 81' lang='lat' dir='ltr'><strong>Argolica.”</strong></span> <span class='ocrx_word' id='word_1_43' title='bbox 320 874 390 936; x_wconf 84' lang='lat' dir='ltr'><strong>volgi</strong></span> <span class='ocrx_word' id='word_1_44' title='bbox 404 887 471 937; x_wconf 87' lang='lat' dir='ltr'><strong>quae</strong></span> <span class='ocrx_word' id='word_1_45' title='bbox 483 888 533 921; x_wconf 85' lang='lat' dir='ltr'><strong>vox</strong></span> <span class='ocrx_word' id='word_1_46' title='bbox 546 881 575 921; x_wconf 92' lang='lat' dir='ltr'><strong>ut</strong></span> <span class='ocrx_word' id='word_1_47' title='bbox 586 875 655 923; x_wconf 91' lang='lat' dir='ltr'><strong>venit</strong></span> <span class='ocrx_word' id='word_1_48' title='bbox 669 875 701 923; x_wconf 89' lang='lat' dir='ltr'><strong>ad</strong></span> <span class='ocrx_word' id='word_1_49' title='bbox 715 890 799 936; x_wconf 82' lang='lat' dir='ltr'><strong>aures,</strong></span> 
     </span>
     <span class='ocr_line' id='line_1_9' title="bbox 74 962 798 1026; baseline 0.003 -15"><span class='ocrx_word' id='word_1_50' title='bbox 74 968 123 1012; x_wconf 77' lang='lat'><strong>120</strong></span> <span class='ocrx_word' id='word_1_51' title='bbox 143 963 290 1026; x_wconf 84' lang='lat' dir='ltr'><strong>obstipuere</strong></span> <span class='ocrx_word' id='word_1_52' title='bbox 303 962 382 1010; x_wconf 85' lang='lat' dir='ltr'><strong>animi</strong></span> <span class='ocrx_word' id='word_1_53' title='bbox 395 962 548 1025; x_wconf 87' lang='lat' dir='ltr'><strong>gelidusque</strong></span> <span class='ocrx_word' id='word_1_54' title='bbox 561 978 607 1026; x_wconf 84' lang='lat' dir='ltr'><strong>per</strong></span> <span class='ocrx_word' id='word_1_55' title='bbox 619 964 672 1011; x_wconf 86' lang='lat' dir='ltr'><strong>ima</strong></span> <span class='ocrx_word' id='word_1_56' title='bbox 685 965 798 1013; x_wconf 81' lang='lat' dir='ltr'><strong>cucurrit</strong></span> 
     </span>
     <span class='ocr_line' id='line_1_10' title="bbox 143 1051 871 1116; baseline 0.003 -16"><span class='ocrx_word' id='word_1_57' title='bbox 143 1066 202 1100; x_wconf 90' lang='lat' dir='ltr'><strong>ossa</strong></span> <span class='ocrx_word' id='word_1_58' title='bbox 215 1059 318 1112; x_wconf 87' lang='lat' dir='ltr'><strong>tremor,</strong></span> <span class='ocrx_word' id='word_1_59' title='bbox 335 1052 375 1100; x_wconf 91' lang='lat' dir='ltr'><strong>cui</strong></span> <span class='ocrx_word' id='word_1_60' title='bbox 389 1051 443 1100; x_wconf 84' lang='lat' dir='ltr'><strong>fata</strong></span> <span class='ocrx_word' id='word_1_61' title='bbox 455 1058 555 1113; x_wconf 84' lang='lat' dir='ltr'><strong>parent,</strong></span> <span class='ocrx_word' id='word_1_62' title='bbox 571 1067 648 1115; x_wconf 88' lang='lat' dir='ltr'><strong>quern</strong></span> <span class='ocrx_word' id='word_1_63' title='bbox 661 1061 752 1115; x_wconf 82' lang='lat' dir='ltr'><strong>poscat</strong></span> <span class='ocrx_word' id='word_1_64' title='bbox 762 1053 871 1116; x_wconf 81' lang='lat' dir='ltr'><strong>Apollo.</strong></span> 
     </span>
     <span class='ocr_line' id='line_1_11' title="bbox 142 1138 792 1202; baseline 0.002 -14"><span class='ocrx_word' id='word_1_65' title='bbox 142 1140 185 1190; x_wconf 88' lang='lat' dir='ltr'><strong>hie</strong></span> <span class='ocrx_word' id='word_1_66' title='bbox 197 1141 302 1190; x_wconf 88' lang='lat' dir='ltr'><strong>Ithacus</strong></span> <span class='ocrx_word' id='word_1_67' title='bbox 314 1147 398 1188; x_wconf 83' lang='lat' dir='ltr'><strong>vatem</strong></span> <span class='ocrx_word' id='word_1_68' title='bbox 411 1154 506 1202; x_wconf 88' lang='lat' dir='ltr'><strong>magno</strong></span> <span class='ocrx_word' id='word_1_69' title='bbox 521 1138 666 1189; x_wconf 84' lang='lat' dir='ltr'><strong>Calchanta</strong></span> <span class='ocrx_word' id='word_1_70' title='bbox 679 1143 792 1190; x_wconf 87' lang='lat' dir='ltr'><strong>tumultu</strong></span> 
     </span>
     <span class='ocr_line' id='line_1_12' title="bbox 143 1229 844 1293; baseline 0.001 -15"><span class='ocrx_word' id='word_1_71' title='bbox 143 1230 270 1293; x_wconf 86' lang='lat' dir='ltr'><strong>protrahit</strong></span> <span class='ocrx_word' id='word_1_72' title='bbox 282 1230 310 1277; x_wconf 89' lang='lat' dir='ltr'><strong>in</strong></span> <span class='ocrx_word' id='word_1_73' title='bbox 322 1229 431 1288; x_wconf 88' lang='lat' dir='ltr'><strong>medios,</strong></span> <span class='ocrx_word' id='word_1_74' title='bbox 448 1244 515 1291; x_wconf 81' lang='lat' dir='ltr'><strong>quae</strong></span> <span class='ocrx_word' id='word_1_75' title='bbox 527 1229 579 1276; x_wconf 89' lang='lat' dir='ltr'><strong>sint</strong></span> <span class='ocrx_word' id='word_1_76' title='bbox 591 1244 622 1278; x_wconf 94' lang='lat' dir='ltr'><strong>ea</strong></span> <span class='ocrx_word' id='word_1_77' title='bbox 634 1231 743 1277; x_wconf 83' lang='lat' dir='ltr'><strong>numina</strong></span> <span class='ocrx_word' id='word_1_78' title='bbox 757 1230 844 1279; x_wconf 88' lang='lat' dir='ltr'><strong>divom</strong></span> 
     </span>
     <span class='ocr_line' id='line_1_13' title="bbox 142 1317 792 1382; baseline 0 -15"><span class='ocrx_word' id='word_1_79' title='bbox 142 1319 250 1382; x_wconf 83' lang='lat' dir='ltr'><strong>flagitet.</strong></span> <span class='ocrx_word' id='word_1_80' title='bbox 277 1326 303 1367; x_wconf 90' lang='lat' dir='ltr'><strong>et</strong></span> <span class='ocrx_word' id='word_1_81' title='bbox 315 1318 379 1366; x_wconf 89' lang='lat' dir='ltr'><strong>mihi</strong></span> <span class='ocrx_word' id='word_1_82' title='bbox 391 1318 444 1366; x_wconf 83' lang='lat' dir='ltr'><strong>iam</strong></span> <span class='ocrx_word' id='word_1_83' title='bbox 456 1318 531 1365; x_wconf 91' lang='lat' dir='ltr'><strong>multi</strong></span> <span class='ocrx_word' id='word_1_84' title='bbox 545 1317 649 1367; x_wconf 89' lang='lat' dir='ltr'><strong>crudele</strong></span> <span class='ocrx_word' id='word_1_85' title='bbox 662 1319 792 1367; x_wconf 84' lang='lat' dir='ltr'><strong>cauebant</strong></span> 
     </span>
     <span class='ocr_line' id='line_1_14' title="bbox 75 1406 728 1458; baseline 0.002 -1"><span class='ocrx_word' id='word_1_86' title='bbox 75 1413 122 1458; x_wconf 77' lang='lat'><strong>125</strong></span> <span class='ocrx_word' id='word_1_87' title='bbox 143 1408 248 1456; x_wconf 84' lang='lat' dir='ltr'><strong>artificis</strong></span> <span class='ocrx_word' id='word_1_88' title='bbox 261 1407 344 1456; x_wconf 87' lang='lat' dir='ltr'><strong>scelus</strong></span> <span class='ocrx_word' id='word_1_89' title='bbox 357 1414 383 1455; x_wconf 93' lang='lat' dir='ltr'><strong>et</strong></span> <span class='ocrx_word' id='word_1_90' title='bbox 395 1406 466 1455; x_wconf 89' lang='lat' dir='ltr'><strong>taciti</strong></span> <span class='ocrx_word' id='word_1_91' title='bbox 479 1413 586 1455; x_wconf 84' lang='lat' dir='ltr'><strong>ventura</strong></span> <span class='ocrx_word' id='word_1_92' title='bbox 597 1407 728 1458; x_wconf 85' lang='lat' dir='ltr'><strong>videbant.</strong></span> 
     </span>
     <span class='ocr_line' id='line_1_15' title="bbox 112 1496 747 1561; baseline -0.002 -18"><span class='ocrx_word' id='word_1_93' title='bbox 112 1538 116 1543; x_wconf 91' lang='lat'><strong>.</strong></span> <span class='ocrx_word' id='word_1_94' title='bbox 142 1498 182 1545; x_wconf 88' lang='lat' dir='ltr'><strong>bis</strong></span> <span class='ocrx_word' id='word_1_95' title='bbox 195 1497 288 1561; x_wconf 87' lang='lat' dir='ltr'><strong>quinos</strong></span> <span class='ocrx_word' id='word_1_96' title='bbox 301 1496 360 1545; x_wconf 90' lang='lat' dir='ltr'><strong>silet</strong></span> <span class='ocrx_word' id='word_1_97' title='bbox 371 1496 418 1544; x_wconf 92' lang='lat' dir='ltr'><strong>ille</strong></span> <span class='ocrx_word' id='word_1_98' title='bbox 431 1496 485 1544; x_wconf 90' lang='lat' dir='ltr'><strong>dies</strong></span> <span class='ocrx_word' id='word_1_99' title='bbox 498 1503 632 1559; x_wconf 90' lang='lat' dir='ltr'><strong>tectusque</strong></span> <span class='ocrx_word' id='word_1_100' title='bbox 645 1503 747 1544; x_wconf 87' lang='lat' dir='ltr'><strong>recusat</strong></span> 
     </span>
     <span class='ocr_line' id='line_1_16' title="bbox 142 1585 861 1650; baseline -0.001 -17"><span class='ocrx_word' id='word_1_101' title='bbox 142 1587 251 1650; x_wconf 89' lang='lat' dir='ltr'><strong>prodere</strong></span> <span class='ocrx_word' id='word_1_102' title='bbox 263 1599 326 1633; x_wconf 92' lang='lat' dir='ltr'><strong>voce</strong></span> <span class='ocrx_word' id='word_1_103' title='bbox 338 1599 386 1632; x_wconf 88' lang='lat' dir='ltr'><strong>sua</strong></span> <span class='ocrx_word' id='word_1_104' title='bbox 398 1599 554 1648; x_wconf 90' lang='lat' dir='ltr'><strong>quemquam</strong></span> <span class='ocrx_word' id='word_1_105' title='bbox 573 1591 617 1632; x_wconf 88' lang='lat' dir='ltr'><strong>aut</strong></span> <span class='ocrx_word' id='word_1_106' title='bbox 634 1599 765 1646; x_wconf 89' lang='lat' dir='ltr'><strong>opponere</strong></span> <span class='ocrx_word' id='word_1_107' title='bbox 783 1585 861 1632; x_wconf 84' lang='lat' dir='ltr'><strong>morti</strong></span> 
     </span>
     <span class='ocr_line' id='line_1_17' title="bbox 127 1673 765 1735; baseline -0.003 -12"><span class='ocrx_word' id='word_1_108' title='bbox 127 1675 184 1723; x_wconf 45' lang='lat' dir='ltr'><strong>*vix</strong></span> <span class='ocrx_word' id='word_1_109' title='bbox 196 1674 302 1722; x_wconf 90' lang='lat' dir='ltr'><strong>tandem</strong></span> <span class='ocrx_word' id='word_1_110' title='bbox 314 1673 415 1735; x_wconf 86' lang='lat' dir='ltr'><strong>magnis</strong></span> <span class='ocrx_word' id='word_1_111' title='bbox 427 1673 510 1722; x_wconf 84' lang='lat' dir='ltr'><strong>Ithaci</strong></span> <span class='ocrx_word' id='word_1_112' title='bbox 524 1673 680 1722; x_wconf 85' lang='lat' dir='ltr'><strong>clamoribus</strong></span> <span class='ocrx_word' id='word_1_113' title='bbox 694 1681 765 1721; x_wconf 90' lang='lat' dir='ltr'><strong>actus</strong></span> 
     </span>
     <span class='ocr_line' id='line_1_18' title="bbox 142 1763 786 1826; baseline 0 -15"><span class='ocrx_word' id='word_1_114' title='bbox 142 1763 277 1826; x_wconf 89' lang='lat' dir='ltr'><strong>conposito</strong></span> <span class='ocrx_word' id='word_1_115' title='bbox 291 1763 387 1824; x_wconf 86' lang='lat' dir='ltr'><strong>rumpit</strong></span> <span class='ocrx_word' id='word_1_116' title='bbox 399 1777 488 1810; x_wconf 89' lang='lat' dir='ltr'><strong>vocem</strong></span> <span class='ocrx_word' id='word_1_117' title='bbox 501 1769 526 1811; x_wconf 92' lang='lat' dir='ltr'><strong>et</strong></span> <span class='ocrx_word' id='word_1_118' title='bbox 538 1778 579 1810; x_wconf 90' lang='lat' dir='ltr'><strong>me</strong></span> <span class='ocrx_word' id='word_1_119' title='bbox 593 1763 704 1811; x_wconf 85' lang='lat' dir='ltr'><strong>destinat</strong></span> <span class='ocrx_word' id='word_1_120' title='bbox 716 1777 786 1811; x_wconf 89' lang='lat' dir='ltr'><strong>arae.</strong></span> 
     </span>
     <span class='ocr_line' id='line_1_19' title="bbox 74 1851 807 1915; baseline -0.001 -15"><span class='ocrx_word' id='word_1_121' title='bbox 74 1857 123 1901; x_wconf 87' lang='grc'><strong>130</strong></span> <span class='ocrx_word' id='word_1_122' title='bbox 141 1853 279 1900; x_wconf 86' lang='lat' dir='ltr'><strong>adsensere</strong></span> <span class='ocrx_word' id='word_1_123' title='bbox 293 1865 382 1899; x_wconf 89' lang='lat' dir='ltr'><strong>omnes</strong></span> <span class='ocrx_word' id='word_1_124' title='bbox 396 1856 421 1900; x_wconf 93' lang='lat' dir='ltr'><strong>et</strong></span> <span class='ocrx_word' id='word_1_125' title='bbox 434 1866 500 1914; x_wconf 87' lang='lat' dir='ltr'><strong>qnae</strong></span> <span class='ocrx_word' id='word_1_126' title='bbox 513 1852 561 1899; x_wconf 89' lang='lat' dir='ltr'><strong>sibi</strong></span> <span class='ocrx_word' id='word_1_127' title='bbox 576 1852 685 1915; x_wconf 90' lang='lat' dir='ltr'><strong>quisque</strong></span> <span class='ocrx_word' id='word_1_128' title='bbox 699 1851 807 1899; x_wconf 76' lang='lat' dir='ltr'><strong>timebat</strong></span> 
     </span>
     <span class='ocr_line' id='line_1_20' title="bbox 142 1940 718 1990; baseline -0.003 -1"><span class='ocrx_word' id='word_1_129' title='bbox 142 1942 217 1990; x_wconf 88' lang='lat' dir='ltr'><strong>unius</strong></span> <span class='ocrx_word' id='word_1_130' title='bbox 230 1941 258 1988; x_wconf 89' lang='lat' dir='ltr'><strong>iu</strong></span> <span class='ocrx_word' id='word_1_131' title='bbox 270 1940 357 1988; x_wconf 79' lang='lat' dir='ltr'><strong>miseri</strong></span> <span class='ocrx_word' id='word_1_132' title='bbox 371 1940 478 1988; x_wconf 88' lang='lat' dir='ltr'><strong>exitium</strong></span> <span class='ocrx_word' id='word_1_133' title='bbox 492 1955 615 1988; x_wconf 88' lang='lat' dir='ltr'><strong>conversa</strong></span> <span class='ocrx_word' id='word_1_134' title='bbox 627 1941 718 1989; x_wconf 86' lang='lat' dir='ltr'><strong>tulere.</strong></span> 
     </span>
     <span class='ocr_line' id='line_1_21' title="bbox 142 2029 809 2093; baseline -0.001 -15"><span class='ocrx_word' id='word_1_135' title='bbox 142 2030 245 2093; x_wconf 89' lang='lat' dir='ltr'><strong>iamque</strong></span> <span class='ocrx_word' id='word_1_136' title='bbox 259 2030 312 2077; x_wconf 90' lang='lat' dir='ltr'><strong>dies</strong></span> <span class='ocrx_word' id='word_1_137' title='bbox 325 2029 433 2077; x_wconf 83' lang='lat' dir='ltr'><strong>infanda</strong></span> <span class='ocrx_word' id='word_1_138' title='bbox 446 2031 542 2089; x_wconf 85' lang='lat' dir='ltr'><strong>aderat,</strong></span> <span class='ocrx_word' id='word_1_139' title='bbox 558 2029 622 2077; x_wconf 90' lang='lat' dir='ltr'><strong>mihi</strong></span> <span class='ocrx_word' id='word_1_140' title='bbox 636 2044 709 2077; x_wconf 87' lang='lat' dir='ltr'><strong>sacra</strong></span> <span class='ocrx_word' id='word_1_141' title='bbox 722 2030 809 2091; x_wconf 82' lang='lat' dir='ltr'><strong>pareri</strong></span> 
     </span>
     <span class='ocr_line' id='line_1_22' title="bbox 55 2117 738 2180; baseline -0.006 -12"><span class='ocrx_word' id='word_1_142' title='bbox 55 2155 57 2161; x_wconf 72' lang='lat'>‚</span> <span class='ocrx_word' id='word_1_143' title='bbox 142 2125 167 2168; x_wconf 87' lang='lat' dir='ltr'><strong>et</strong></span> <span class='ocrx_word' id='word_1_144' title='bbox 179 2119 263 2175; x_wconf 83' lang='lat' dir='ltr'><strong>salsae</strong></span> <span class='ocrx_word' id='word_1_145' title='bbox 276 2118 362 2179; x_wconf 86' lang='lat' dir='ltr'><strong>fruges</strong></span> <span class='ocrx_word' id='word_1_146' title='bbox 376 2125 401 2165; x_wconf 92' lang='lat' dir='ltr'><strong>et</strong></span> <span class='ocrx_word' id='word_1_147' title='bbox 413 2118 510 2167; x_wconf 89' lang='lat' dir='ltr'><strong>circum</strong></span> <span class='ocrx_word' id='word_1_148' title='bbox 523 2126 640 2180; x_wconf 88' lang='lat' dir='ltr'><strong>tempora</strong></span> <span class='ocrx_word' id='word_1_149' title='bbox 652 2117 738 2165; x_wconf 83' lang='lat' dir='ltr'><strong>m&#39;ttae.</strong></span> 
     </span>
     <span class='ocr_line' id='line_1_23' title="bbox 142 2206 685 2269; baseline -0.009 -13"><span class='ocrx_word' id='word_1_150' title='bbox 142 2207 232 2269; x_wconf 86' lang='lat' dir='ltr'><strong>eripui,</strong></span> <span class='ocrx_word' id='word_1_151' title='bbox 248 2207 339 2265; x_wconf 81' lang='lat' dir='ltr'><strong>fateor,</strong></span> <span class='ocrx_word' id='word_1_152' title='bbox 355 2208 407 2255; x_wconf 91' lang='lat' dir='ltr'><strong>leto</strong></span> <span class='ocrx_word' id='word_1_153' title='bbox 421 2222 462 2255; x_wconf 90' lang='lat' dir='ltr'><strong>me</strong></span> <span class='ocrx_word' id='word_1_154' title='bbox 475 2214 500 2255; x_wconf 89' lang='lat' dir='ltr'><strong>et</strong></span> <span class='ocrx_word' id='word_1_155' title='bbox 512 2207 616 2255; x_wconf 82' lang='lat' dir='ltr'><strong>vincula</strong></span> <span class='ocrx_word' id='word_1_156' title='bbox 628 2206 685 2268; x_wconf 89' lang='lat' dir='ltr'><strong>rupi</strong></span> 
     </span>
     <span class='ocr_line' id='line_1_24' title="bbox 73 2294 784 2358; baseline -0.004 -14"><span class='ocrx_word' id='word_1_157' title='bbox 73 2302 121 2344; x_wconf 86' lang='grc'><strong>135</strong></span> <span class='ocrx_word' id='word_1_158' title='bbox 142 2296 286 2358; x_wconf 91' lang='lat' dir='ltr'><strong>limosoque</strong></span> <span class='ocrx_word' id='word_1_159' title='bbox 299 2297 358 2344; x_wconf 88' lang='lat' dir='ltr'><strong>lacu</strong></span> <span class='ocrx_word' id='word_1_160' title='bbox 371 2303 531 2358; x_wconf 87' lang='lat' dir='ltr'><strong>pernoctem</strong></span> <span class='ocrx_word' id='word_1_161' title='bbox 545 2296 668 2344; x_wconf 82' lang='lat' dir='ltr'><strong>obscurus</strong></span> <span class='ocrx_word' id='word_1_162' title='bbox 682 2295 708 2341; x_wconf 90' lang='lat' dir='ltr'><strong>iu</strong></span> <span class='ocrx_word' id='word_1_163' title='bbox 722 2294 784 2342; x_wconf 81' lang='lat' dir='ltr'><strong>ulva</strong></span> 
     </span>
     <span class='ocr_line' id='line_1_25' title="bbox 141 2384 780 2444; baseline -0.005 -11"><span class='ocrx_word' id='word_1_164' title='bbox 141 2385 239 2444; x_wconf 83' lang='lat' dir='ltr'><strong>delitui,</strong></span> <span class='ocrx_word' id='word_1_165' title='bbox 257 2385 318 2432; x_wconf 90' lang='lat' dir='ltr'><strong>dum</strong></span> <span class='ocrx_word' id='word_1_166' title='bbox 331 2385 396 2443; x_wconf 84' lang='lat' dir='ltr'><strong>vela,</strong></span> <span class='ocrx_word' id='word_1_167' title='bbox 413 2385 504 2433; x_wconf 87' lang='lat' dir='ltr'><strong>darent</strong></span> <span class='ocrx_word' id='word_1_168' title='bbox 516 2385 537 2432; x_wconf 90' lang='lat' dir='ltr'><strong>si</strong></span> <span class='ocrx_word' id='word_1_169' title='bbox 550 2385 624 2444; x_wconf 81' lang='lat' dir='ltr'><strong>forte,</strong></span> <span class='ocrx_word' id='word_1_170' title='bbox 641 2384 780 2432; x_wconf 87' lang='lat' dir='ltr'><strong>dedissent.</strong></span> 
     </span>
     <span class='ocr_line' id='line_1_26' title="bbox 141 2472 872 2536; baseline 0 -16"><span class='ocrx_word' id='word_1_171' title='bbox 141 2488 188 2523; x_wconf 88' lang='lat' dir='ltr'><strong>nec</strong></span> <span class='ocrx_word' id='word_1_172' title='bbox 201 2473 264 2521; x_wconf 90' lang='lat' dir='ltr'><strong>mihi</strong></span> <span class='ocrx_word' id='word_1_173' title='bbox 277 2474 330 2521; x_wconf 91' lang='lat' dir='ltr'><strong>iam</strong></span> <span class='ocrx_word' id='word_1_174' title='bbox 342 2474 454 2535; x_wconf 82' lang='lat' dir='ltr'><strong>patriam</strong></span> <span class='ocrx_word' id='word_1_175' title='bbox 467 2473 600 2535; x_wconf 91' lang='lat' dir='ltr'><strong>antiquam</strong></span> <span class='ocrx_word' id='word_1_176' title='bbox 618 2488 676 2536; x_wconf 90' lang='lat' dir='ltr'><strong>spes</strong></span> <span class='ocrx_word' id='word_1_177' title='bbox 694 2473 750 2520; x_wconf 89' lang='lat' dir='ltr'><strong>ulla</strong></span> <span class='ocrx_word' id='word_1_178' title='bbox 766 2472 872 2522; x_wconf 81' lang='lat' dir='ltr'><strong>videndi</strong></span> 
     </span>
    </p>
   </div>
   <div class='ocr_carea' id='block_1_3' title="bbox 139 2557 770 2715">
    <p class='ocr_par' dir='ltr' id='par_1_3' title="bbox 139 2557 770 2715">
     <span class='ocr_line' id='line_1_27' title="bbox 141 2557 752 2624; baseline -0.005 -13"><span class='ocrx_word' id='word_1_179' title='bbox 141 2577 189 2611; x_wconf 90' lang='lat' dir='ltr'><strong>nec</strong></span> <span class='ocrx_word' id='word_1_180' title='bbox 202 2562 285 2610; x_wconf 87' lang='lat' dir='ltr'><strong>dulcis</strong></span> <span class='ocrx_word' id='word_1_181' title='bbox 298 2557 375 2609; x_wconf 81' lang='lat' dir='ltr'><strong>natos</strong></span> <span class='ocrx_word' id='word_1_182' title='bbox 386 2568 589 2624; x_wconf 84' lang='lat' dir='ltr'><strong>exoptatumque</strong></span> <span class='ocrx_word' id='word_1_183' title='bbox 601 2569 734 2624; x_wconf 83' lang='lat' dir='ltr'><strong>parentem</strong></span> <span class='ocrx_word' id='word_1_184' title='bbox 746 2579 752 2621; x_wconf 80' lang='lat'><em>3</em></span> 
     </span>
     <span class='ocr_line' id='line_1_28' title="bbox 139 2641 770 2715; baseline 0 -17"><span class='ocrx_word' id='word_1_185' title='bbox 139 2666 205 2714; x_wconf 89' lang='lat' dir='ltr'><strong>quos</strong></span> <span class='ocrx_word' id='word_1_186' title='bbox 216 2651 256 2699; x_wconf 90' lang='lat' dir='ltr'><strong>illi</strong></span> <span class='ocrx_word' id='word_1_187' title='bbox 270 2651 323 2700; x_wconf 84' lang='lat' dir='ltr'><strong>fors</strong></span> <span class='ocrx_word' id='word_1_188' title='bbox 337 2657 363 2700; x_wconf 90' lang='lat' dir='ltr'><strong>et</strong></span> <span class='ocrx_word' id='word_1_189' title='bbox 374 2665 472 2715; x_wconf 88' lang='lat' dir='ltr'><strong>poenas</strong></span> <span class='ocrx_word' id='word_1_190' title='bbox 486 2650 518 2698; x_wconf 94' lang='lat' dir='ltr'><strong>ob</strong></span> <span class='ocrx_word' id='word_1_191' title='bbox 531 2641 621 2698; x_wconf 85' lang='lat' dir='ltr'><strong>nostra</strong></span> <span class='ocrx_word' id='word_1_192' title='bbox 632 2658 770 2714; x_wconf 88' lang='lat' dir='ltr'><strong>reposcent</strong></span> 
     </span>
    </p>
   </div>
   <div class='ocr_carea' id='block_1_4' title="bbox 0 0 912 2956">
    <p class='ocr_par' dir='ltr' id='par_1_4' title="bbox 0 0 912 2956">
     <span class='ocr_line' id='line_1_29' title="bbox 0 0 912 2956; baseline 0 0"><span class='ocrx_word' id='word_1_193' title='bbox 0 0 912 2956; x_wconf 95' lang='lat' dir='ltr'><strong> </strong></span> 
     </span>
    </p>
   </div>
  </div>
 </body>
</html>
