1816 2956
52 110 112 158 340
278 88 316 155 r.
333 115 454 154 vunnim
474 114 605 153 nnnoms

120 275 189 323 noeis
203 275 250 321 iter
262 281 417 333 tenuemque
430 271 536 318 inclusit
547 270 674 331 sanguine
687 270 781 320 vitam.

51 369 100 412 535
122 377 231 424 corpora
243 363 324 409 muita
337 361 419 407 virum
431 360 500 407 eirca
513 359 649 421 seniorque
664 357 810 419 Galaesus,

121 452 182 498 dum
196 450 254 512 paci
267 450 383 498 medium>
393 463 419 496 se
433 448 516 506 offert,
531 447 685 495 iustissimus
697 462 771 497 unus

122 540 166 601 qui
180 539 229 586 fuit
241 538 416 598 Ausoniisque
430 537 492 584 olim
506 536 645 583 ditissimus
660 535 745 595 arvis3

121 627 236 691 quinque
248 641 339 688 greges
353 625 390 673 illi
404 625 546 684 balantum,
562 625 641 687 quina
654 624 781 674 redibant

123 722 238 764 armenta
251 721 276 762 et
288 721 382 762 terram
396 720 498 762 centum
511 712 626 761 vertebat
638 713 743 760 aratris,

51 811 102 852 540
157 805 244 865 Atque
256 817 287 850 ea
300 817 345 864 per
358 817 463 864 campos
477 816 560 863 aequo
581 802 642 849 dum
655 801 742 850 Marte
761 817 860 865 gerun-

423 899 472 949 tur,

121 980 241 1044 promissi
255 980 304 1027 dea
316 979 385 1027 facta
397 985 497 1041 potens,
512 977 556 1024 ubi
570 977 695 1038 sanguine
709 977 818 1030 bellum

121 1069 214 1117 imbuit
227 1076 252 1116 et
264 1068 362 1130 primae
376 1067 504 1115 commisit
516 1065 607 1114 funera
619 1080 735 1128 pugnae,

122 1157 217 1206 deserit
229 1157 380 1219 Hesperiam
393 1164 419 1204 et
431 1156 496 1204 caeli
510 1168 633 1203 conversa
645 1169 690 1216 per
703 1169 786 1206 auras

122 1246 249 1294 Iunonem
261 1245 353 1293 victrix
366 1244 468 1292 adfatur
480 1256 542 1290 voce
555 1242 674 1305 superba.

53 1340 103 1383 545
122 1334 173 1392 ‘en,
188 1333 302 1396 perfecta
314 1333 359 1380 tibi
373 1334 441 1382 bello
455 1332 585 1380 discordia
600 1331 674 1378 tristi.

124 1423 174 1480 die,
189 1423 216 1470 in
230 1422 370 1470 amicitiam
384 1429 476 1470 coeant
488 1428 513 1469 et
525 1420 630 1469 foedera
642 1419 766 1482 iungant,

123 1511 333 1572 quandoquidem
357 1510 475 1558 Ausonio
500 1509 608 1571 respersi
632 1510 766 1570 sanguine
791 1513 860 1562 Teu·

424 1612 489 1646 cros.

123 1686 173 1734 hoo
186 1686 264 1734 etiam
277 1685 316 1733 his
331 1686 440 1743 addam,
462 1695 506 1733 tua
519 1687 540 1733 si
553 1686 616 1733 mihi
631 1693 701 1734 certa
713 1689 856 1738 voluntas:

123 1774 244 1822 finitimas
257 1774 284 1821 in
298 1774 367 1822 bella
379 1773 460 1821 feram
473 1774 618 1821 rumoribus
632 1773 708 1822 urbes

53 1868 104 1910 550
124 1862 317 1924 accendamque
330 1863 430 1909 animos
443 1862 527 1909 insani
542 1863 631 1910 Martis
645 1877 746 1923 amore,

124 1950 238 2012 undique
257 1957 286 1997 ut
305 1951 403 1998 auxilio
423 1951 540 2008 veniant3
572 1965 693 2013 spargam
716 1967 796 2004 arma
815 1971 857 2020 per

509 2029 518 2049 ³

424 2052 509 2099 agros.

123 2133 178 2174 tum
192 2135 282 2174 contra
293 2126 359 2174 Iuno
369 2115 505 2175 ‘terrorum
520 2135 544 2174 et
557 2127 653 2175 fraudis
667 2127 811 2182 abundest.

123 2221 193 2261 stant
205 2214 266 2262 belii
281 2230 382 2273 causae,
397 2224 528 2277 pugnatur
541 2216 685 2264 comminus
699 2221 793 2280 armis,

124 2317 191 2364 qnae
203 2302 255 2349 fors
268 2303 352 2364 prima
365 2303 435 2350 dedit
448 2305 552 2365 sanguis
565 2318 645 2351 novos
662 2304 761 2356 imbuit
774 2325 856 2359 arms.

53 2395 103 2440 555
124 2391 187 2438 talia
200 2391 322 2451 coniugia
335 2400 360 2439 et
372 2393 430 2439 talis
445 2392 574 2440 celebrent
588 2393 747 2455 hymenaeos

123 2479 256 2541 egregium
269 2480 376 2528 Veneris
389 2495 470 2542 genus
484 2488 509 2528 et
521 2495 567 2528 rex
579 2481 633 2543 ipse
647 2480 770 2534 Latinus.

121 2574 145 2618 te
157 2582 238 2634 super
250 2568 378 2618 aetherias
392 2582 476 2616 errare
489 2569 606 2616 licentius
620 2584 696 2618 auras
