1816 2956
24 357 62 407 68
263 368 289 408 r.
306 368 428 409 vanumr
448 368 579 410 uuroms

93 527 137 590 qui
150 541 220 575 nunc
233 526 353 575 extremis
366 526 445 575 Asiae
458 527 511 575 iam
524 528 645 576 victorin
658 529 710 577 uris

90 615 214 664 inbellem
226 615 319 664 avertis
331 614 456 663 Romanis
470 616 571 665 arcibus
585 616 687 665 Indum.

91 705 170 764 salve,
185 719 280 767 magna
292 718 384 767 parens
398 705 511 767 frugum,
527 704 649 754 Saturnia
662 707 748 767 tellus,

90 808 188 856 magua
199 794 294 842 virum:
317 793 363 841 tibi
376 808 416 842 res
430 793 552 857 antiquae
565 795 650 843 laudis
664 802 690 844 et
702 798 764 846 artis

23 886 70 932 175
90 883 231 945 ingredior,
247 889 350 930 sanctos
363 897 440 930 ausus
453 884 585 932 recludere
598 884 691 943 fontes,

91 972 286 1034 Ascraeumque
300 986 365 1020 cauo
378 971 496 1021 Romana
508 988 555 1036 per
568 973 664 1036 oppida
677 989 790 1024 carmen.

126 1061 201 1110 Nunc
226 1062 299 1109 locus
325 1075 444 1109 arvorum
468 1061 597 1122 ingeniis3
629 1077 696 1124 quae
728 1064 823 1112 robora

393 1150 494 1213 cuique,

92 1239 148 1304 quis
162 1240 235 1288 color
247 1248 273 1288 et
285 1254 352 1302 quac
365 1240 398 1287 sit
409 1239 485 1288 rebus
499 1247 593 1288 natura
605 1239 727 1289 ferendis.

92 1328 210 1378 difficiles
223 1329 336 1392 primum
348 1336 431 1378 terrac
444 1328 576 1391 collesque
589 1329 706 1390 maligni,

23 1424 72 1468 180
91 1419 175 1467 tenuis
188 1418 232 1466 ubi
246 1419 340 1480 argilla
353 1425 378 1467 et
391 1418 505 1466 dumosis
519 1419 634 1466 calculus
649 1418 725 1477 arvis,

91 1507 212 1556 Palladia
224 1508 340 1569 gaudent
352 1508 417 1555 silva
428 1507 522 1556 vivacis
537 1507 628 1556 olivae.

90 1596 188 1645 indicio
201 1604 240 1645 est
252 1604 335 1646 tractu
348 1611 455 1658 surgens
470 1598 580 1645 oleaster
598 1597 690 1646 eodem

90 1683 217 1748 plurimus
230 1693 256 1734 et
267 1686 340 1733 strati
353 1685 423 1734 bacis
436 1685 594 1734 silvestribus
608 1687 672 1748 agri.

91 1782 117 1822 at
130 1789 197 1837 quac
209 1774 313 1837 pinguis
326 1774 420 1822 humus
434 1775 554 1837 dulcique
568 1775 666 1837 uligine
679 1776 758 1834 laeta,

22 1868 70 1912 1⁸5
92 1864 188 1926 quique
201 1863 321 1926 frequens
334 1863 420 1911 herbis
434 1871 458 1912 et
471 1863 562 1912 fertilis
576 1863 653 1913 ubere
667 1879 776 1927 campus

91 1952 207 2016 (qualem
220 1968 297 2015 saepe
311 1967 373 2001 cava
386 1953 480 2000 montis
495 1953 611 2001 convalle
625 1954 738 2001 solemus

91 2042 233 2105 dispicere3
254 2041 304 2090 huc
317 2043 423 2090 summis
437 2042 571 2104 liquuntur
583 2041 689 2104 rupibus
704 2057 794 2092 amnes

91 2132 245 2194 felicemque
258 2130 363 2178 trahunt
375 2130 478 2194 limum)
493 2131 588 2193 quique
602 2131 684 2179 editus
699 2140 788 2180 austro

92 2228 117 2269 et
129 2220 224 2269 filicem
237 2220 320 2270 curvis
333 2219 442 2268 invisam
454 2220 539 2282 pascit
552 2221 658 2268 aratris:

24 2314 72 2359 190
90 2309 133 2358 hic
147 2308 192 2356 tibi
205 2309 366 2372 praevalidas
380 2309 443 2357 olim
455 2309 590 2370 multoque
602 2309 710 2358 fluentes

90 2398 201 2446 sufficiet
212 2397 318 2446 Baccho
331 2398 397 2455 vitis,
413 2398 457 2445 hic
469 2397 559 2446 fertilis
573 2413 646 2456 uvae,

92 2487 133 2536 hic
146 2487 230 2536 laticis
245 2488 348 2550 qualem
361 2486 455 2549 pateris
469 2486 579 2535 libamus
593 2495 618 2536 et
631 2503 703 2547 auro,

91 2577 189 2625 inflavit
201 2591 259 2624 cum
272 2576 375 2638 pinguis
389 2575 452 2625 ebur
465 2576 613 2639 Tyrrhenus
627 2577 660 2625 ad
674 2592 741 2636 aras,

82 2665 205 2714 lancibus
219 2672 246 2716 et
256 2665 351 2730 pandis
365 2665 493 2714 fumantia
504 2666 635 2715 reddimus
649 2674 717 2714 exta.

9 2751 48 2794 95
68 2752 111 2799 sin
127 2766 255 2808 armenta
268 2758 359 2823 magis
374 2758 497 2808 studium
506 2755 737 2814 vitulasquetuer‘i

52 2848 106 2889 aut
119 2845 195 2897 ferus
213 2851 316 2901 ovium
330 2857 381 2902 aut
395 2855 510 2900 urentes
523 2844 602 2894 culta
612 2837 744 2898 cabima
