1816 2956
104 202 113 246 l
125 201 161 248 50
339 212 364 250 P.
382 211 503 251 VERGILI
523 212 654 253 MARONIS
688 183 691 188 ·

73 361 75 365 ’
128 420 130 424 ,
169 367 389 416 hiccursusfuit:

100 461 149 504 535
170 471 229 504 cum
241 456 326 505 subito
340 458 481 520 adsurgens
494 458 573 506 fluctu
586 459 719 507 nimbosus
733 458 816 509 Orion

169 545 197 593 in
209 546 276 594 vada
289 560 366 595 caeca
379 547 438 594 tulit
450 548 604 609 penitusque
616 548 769 610 procacibus
783 550 875 598 austris

170 648 266 697 perque
280 636 362 683 undas
375 644 512 699 superante
526 637 581 684 salo
595 651 691 700 perque
703 637 773 684 invia
785 653 850 687 saxa

171 723 293 786 dispulit;
312 724 363 772 huc
376 725 451 787 pauci
465 725 555 774 vestris
570 726 721 773 adnavimus
735 727 795 774 oris.

171 812 241 874 quod
266 826 347 874 genus
373 813 422 861 hoc
447 813 599 862 hominum?
631 829 726 876 quaeve
751 815 821 864 hunc
847 825 896 865 tam

473 902 582 951 barbara
594 918 692 951 morem

102 994 151 1036 540
171 989 296 1052 permittit
307 991 409 1053 patria?
428 991 541 1054 hospitio
555 992 721 1054 prohibemur
733 992 864 1053 harenae;

171 1078 241 1126 bella
254 1079 323 1128 cient
335 1079 469 1143 primaque
481 1088 567 1129 vetant
581 1081 719 1129 consistere
733 1090 810 1130 terra.

171 1168 192 1216 si
205 1181 286 1230 genus
300 1168 442 1216 humanum
455 1177 480 1217 et
491 1171 613 1218 mortalia
625 1171 737 1217 temnitis
751 1186 833 1231 arma,

172 1264 199 1305 at
210 1264 310 1320 sperate
324 1258 385 1306 deos
398 1273 524 1307 memores
538 1258 608 1306 fandi
622 1265 698 1320 atquc
712 1258 826 1308 nefandi.

171 1359 217 1393 rex
230 1353 285 1394 erat
296 1347 398 1394 Aeneas
412 1346 495 1403 nobis,
512 1362 563 1410 quo
577 1348 668 1396 iustior
681 1348 746 1395 alter

103 1438 152 1481 545
173 1448 220 1482 nec
233 1434 328 1497 pictate
341 1436 390 1483 fuit
402 1451 450 1484 nec
463 1436 532 1484 bello
546 1437 629 1484 maior
642 1444 667 1484 ct
680 1437 766 1484 armis.

173 1537 249 1585 quem
262 1524 283 1572 si
296 1523 350 1573 fata
362 1525 444 1572 virum
458 1532 568 1583 servant,
584 1525 604 1572 si
618 1526 728 1573 vescitur
741 1540 806 1573 aura

173 1612 288 1661 aetheria
300 1628 384 1676 neque
397 1615 482 1662 adhuc
499 1614 646 1661 crudelibus
665 1615 775 1663 occubat
793 1615 896 1669 umbris,

172 1716 226 1749 non
239 1710 321 1751 metus
335 1703 420 1751 officio
435 1718 466 1751 ne
479 1711 503 1750 te
517 1710 627 1751 certasse
641 1704 753 1766 priorem

173 1791 312 1853 paeniteat.
340 1799 399 1839 sunt
413 1800 437 1839 ct
450 1791 543 1840 Siculis
557 1792 705 1852 regionibus
719 1792 795 1840 urbes

105 1884 154 1926 550
175 1895 285 1942 arvaque
298 1880 464 1943 Troianoque
477 1897 492 1927 a
505 1881 631 1942 sanguine
644 1882 728 1929 clarus
742 1883 859 1931 Acestes.

175 1977 322 2030 quassatam
336 1969 416 2016 ventis
430 1970 506 2016 liccat
519 1968 661 2017 subducere
675 1970 784 2017 classem

175 2065 200 2105 et
212 2057 281 2104 silvis
295 2067 384 2120 aptare
397 2058 481 2105 trabes
495 2066 520 2106 et
533 2059 658 2119 stringere
671 2073 771 2117 rcm0s3

175 2146 196 2193 si
211 2146 286 2193 datur
298 2147 401 2195 Italiam
414 2147 491 2194 sociis
505 2154 530 2195 et
542 2161 602 2208 rogo
616 2154 719 2209 recepto

175 2235 288 2294 tendere,
304 2243 332 2283 ut
344 2236 448 2284 ltaliam
461 2236 522 2284 laeti
535 2235 690 2297 Latiumque
704 2243 838 2298 petamus:

106 2329 155 2372 555
175 2323 215 2371 sin
241 2323 378 2386 absumpta
402 2324 471 2371 salus
498 2331 522 2372 ct
547 2332 585 2382 te,
618 2331 691 2386 pater
717 2325 815 2387 optime
840 2325 902 2375 Teu·

478 2428 557 2471 crum,

175 2508 270 2565 pontus
283 2501 361 2550 habct
374 2501 471 2563 Libyae
485 2516 532 2549 nec
545 2517 602 2564 spes
612 2502 668 2550 iam
680 2509 759 2550 restat
771 2503 833 2562 Iuli,

177 2598 203 2638 at
215 2590 281 2639 freta
294 2589 414 2639 Sicaniae
427 2590 519 2638 saltem
532 2592 657 2655 sedesque
670 2597 784 2654 paratas,

174 2680 243 2729 uude
255 2679 308 2730 bue
321 2678 430 2739 advecti,
445 2692 583 2744 regemque
596 2688 713 2742 potamus
726 2673 861 2730 Acesten?
