1816 2956
295 203 443 243 AENEIDOS
461 203 549 241 LIBER
566 203 618 241 Vll.
795 193 857 240 335

128 363 220 423 gratia,
237 362 256 408 si
272 361 334 408 iuris
348 361 457 408 materni
471 375 533 407 cura
546 360 683 418 remordet,

128 451 218 499 solvite
232 450 337 498 crinalis
350 449 434 508 vittas,
450 449 533 511 capite
547 449 621 510 orgia
633 439 754 496 mecum?

128 540 206 588 talem
218 540 286 586 inter
298 539 383 596 silvas,
399 537 465 585 inter
479 538 579 586 deserta
591 537 713 597 serarum,

57 635 108 677 405
128 629 245 691 reginam
260 627 362 675 Allecto
375 627 486 674 stimulis
501 627 555 688 agit
567 626 682 688 undique
694 625 802 675 Bacchi.

164 717 307 778 Postquam
320 716 376 763 visa
389 716 451 763 satis
464 715 561 778 primos
575 715 675 764 acuisse
688 715 787 764 furores

129 805 317 867 consiliumque
331 819 486 868 omnemque
500 804 606 851 domum
618 804 722 852 vertisse
734 804 832 864 Latini,

128 895 245 957 protinus
259 893 319 942 hinc
332 893 411 942 fuscis
424 894 503 942 tristis
518 893 567 940 dea
580 893 679 940 tollitur
692 893 740 941 alis

129 984 234 1030 audacis
247 982 336 1031 Rutuli
350 983 381 1030 ad
396 997 493 1040 muros,
509 997 587 1044 quam
600 981 695 1029 dicitur
707 981 797 1030 urbem

58 1079 109 1121 410
130 1072 287 1120 Acrisioneis
301 1070 392 1120 Danae
406 1072 527 1119 fundasse
540 1071 649 1129 colonis,

129 1159 263 1222 praecipiti
278 1160 363 1208 delata
377 1168 448 1208 noto.
477 1161 549 1208 locus
562 1161 651 1208 Ardea
664 1159 797 1222 quondam

129 1250 212 1296 ‹lictas
226 1248 292 1295 avis:
313 1256 338 1297 et
350 1263 420 1297 nunc
432 1263 555 1311 magnum
569 1256 639 1297 tenet
650 1248 738 1296 Ardea
751 1262 858 1306 nomen,

129 1339 172 1385 sed
188 1338 292 1385 fortuna
305 1337 361 1385 suit.
389 1339 461 1385 tectis
475 1337 518 1385 bic
531 1338 633 1385 Turnus
647 1338 674 1385 in
687 1337 746 1385 altis

128 1428 180 1476 iarn
193 1427 306 1475 mediam
319 1427 394 1488 nigra
407 1426 529 1489 carpebat
541 1434 617 1474 nocte
631 1427 752 1489 quietem.

58 1521 108 1564 415
129 1517 232 1564 Allecto
245 1524 343 1563 torvam
358 1515 449 1563 faciem
463 1523 488 1563 et
500 1515 604 1564 furialia
617 1515 733 1563 membra

129 1606 215 1664 exuit;
236 1605 262 1651 in
275 1605 359 1652 voltus
373 1618 428 1652 sese
442 1605 608 1653 transformat
621 1605 702 1652 aniles

129 1702 153 1741 et
166 1694 278 1740 lrontcm
291 1693 429 1740 obscenam
442 1693 513 1755 rugis
527 1700 596 1752 arat3
617 1693 702 1740 induit
714 1691 789 1741 albos

131 1797 189 1829 curn
203 1782 266 1829 vitta
280 1781 373 1840 crinis3
394 1788 448 1828 tum
461 1796 561 1828 ramum
574 1782 681 1829 inncctit
694 1781 792 1840 olivae3

129 1870 156 1915 tit
170 1867 268 1931 Calybe
280 1869 387 1917 Iunonis
401 1885 465 1917 anus
478 1870 620 1932 templique
632 1871 752 1919 sacerdos

59 1964 111 2005 420
132 1967 156 2005 et
169 1958 253 2005 iuveni
269 1965 329 2005 ante
342 1959 432 2006 oculos
445 1959 484 2006 his
498 1974 525 2006 se
538 1974 596 2006 cum
609 1960 714 2008 vocibus
728 1960 811 2008 offert.

126 2037 234 2105 ‘Turne,
250 2052 288 2093 tot
301 2046 431 2094 incassum
443 2048 513 2095 fusos
527 2049 624 2110 patiere
638 2048 749 2108 labores,

129 2143 154 2183 ct
167 2144 211 2182 tua
222 2135 363 2183 Dardaniis
377 2136 511 2185 transcribi
525 2145 626 2200 sceptra
639 2137 759 2186 colonial

130 2239 175 2272 rex
189 2224 233 2271 tibi
249 2225 398 2286 coniugium
412 2233 437 2274 et
449 2226 580 2289 quaesitas
593 2227 719 2288 sanguine
732 2227 805 2276 dotes

134 2312 245 2374 abnegat
259 2322 430 2376 externusque
444 2316 469 2362 in
484 2330 592 2377 regnum
606 2316 737 2379 quaeritur
750 2314 835 2364 heres.

60 2407 110 2448 425
132 2402 140 2447 i
155 2417 231 2459 nunc,
247 2403 356 2464 ingratis
369 2403 434 2451 offer
447 2412 471 2452 te
484 2405 563 2453 inrise
576 2406 687 2468 periclis,

130 2490 286 2552 Tyrrhenas,
303 2492 320 2549 i,
336 2498 420 2540 sterne
433 2493 510 2552 acies,
527 2502 583 2556 tege
596 2510 659 2557 pace
672 2494 789 2541 Latinos.

130 2579 193 2626 haec
207 2580 272 2627 udco
286 2580 331 2627 tibi
345 2595 395 2637 me,
411 2582 514 2642 placida
527 2597 585 2630 cum
599 2591 674 2630 nocte
687 2583 793 2641 iaceres,

128 2668 185 2729 ipsa
198 2669 285 2729 palam
298 2669 345 2716 fari
361 2670 525 2733 omnipotens
539 2669 668 2718 Saturnia
675 2670 770 2715 iussit.
