1816 2956
55 108 121 164 208
296 127 322 166 ι’.
339 126 462 168 vuucmr
481 128 612 168 ulcorra

128 299 206 347 quam
219 283 297 332 semel
312 283 448 332 informem
460 293 532 333 vasto
546 286 640 334 vidisse
653 286 699 333 sub
715 295 788 335 antro

127 369 241 434 Scyllam
255 379 280 419 et
293 373 416 420 caeruleis
430 374 537 422 cunibus
550 376 698 423 resonantia
711 390 782 423 saxu.

127 468 268 523 praeterea,
283 461 359 524 siqua
371 469 409 510 est
422 461 522 510 Heleno
535 463 681 526 prudentia,
697 466 748 512 vati
899 466 903 513 l

126 550 202 613 siqua
214 550 286 610 fides,
302 551 416 598 animum
429 550 450 598 si
463 551 528 599 veris
541 552 624 614 inplet
638 553 744 615 Apollo,

52 643 107 686 435
126 652 207 686 unum
219 640 286 687 illud
299 639 359 698 tibi,
376 647 435 686 nate
448 639 511 699 dea,
527 654 625 704 proque
639 641 759 689 omnibns
772 657 855 690 unum

126 728 275 790 praedicam
294 735 319 777 et
337 735 454 790 repetens
473 728 618 791 iterumque
635 730 780 792 iterumque
799 747 855 780 mo-

428 816 503 865 nebo.

125 904 233 954 Iunonis
245 919 356 967 magnae
369 906 480 968 primum
493 920 568 968 prece
581 920 677 954 numen
690 907 780 967 adora,

125 993 220 1042 Iunoni
233 1009 298 1043 cane
309 1001 369 1042 vota
382 994 464 1042 libens
478 995 662 1056 dominamque
675 1003 807 1058 potentem

126 1083 286 1145 supplicibus
299 1097 393 1146 supero
406 1084 497 1131 donis:
518 1084 554 1132 sic
568 1084 678 1146 denique
691 1084 773 1133 victor

52 1174 107 1217 440
126 1170 262 1219 Trinacria
274 1173 332 1220 finis
346 1173 425 1221 Italos
439 1173 538 1221 mittere
551 1173 650 1221 relicta.

126 1258 177 1307 huc
190 1259 234 1307 ubi
248 1261 348 1310 delatus
362 1259 501 1323 Cymaeam
515 1261 651 1310 accesseris
663 1262 754 1309 urbem

126 1347 278 1412 divinosque
290 1350 361 1397 lacus
375 1356 401 1398 et
412 1351 516 1399 Averna
528 1350 647 1398 sonantia
659 1351 738 1408 silvis,

125 1437 244 1485 insenum
257 1445 340 1486 vatem
354 1439 472 1501 aspicies,
488 1454 555 1503 quae
567 1454 631 1502 rupe
644 1439 691 1486 sub
704 1439 757 1486 ima

125 1524 179 1572 fata
192 1526 262 1573 canit
274 1526 397 1589 foliisque
410 1534 485 1575 notas
499 1535 524 1576 et
536 1528 643 1575 nomina
654 1528 770 1575 mandat.

51 1618 105 1662 445
126 1629 303 1677 quaecumque
316 1614 342 1662 in
356 1614 424 1663 foliis
439 1616 574 1678 descripsit
587 1617 701 1664 carmina
713 1617 796 1679 virgo,

125 1703 219 1764 digerit
230 1704 257 1751 in
271 1718 407 1752 numerum
420 1711 497 1766 atque
515 1712 589 1752 antro
602 1706 705 1753 seclusa
717 1706 848 1768 relinquit.

124 1792 171 1840 illa
183 1799 290 1841 monent
301 1793 401 1841 inmota
414 1793 478 1841 locis
491 1808 575 1855 neque
588 1793 620 1841 ab
641 1794 731 1843 ordine
744 1795 848 1843 cedunt.

124 1894 212 1929 verum
225 1881 324 1941 eodem,
339 1896 412 1930 verso
426 1883 509 1930 tenuis
523 1898 582 1930 cum
595 1883 700 1931 cardine
713 1891 804 1932 ventus

124 1969 220 2033 inpulit
231 1976 257 2018 et
269 1977 369 2018 teneras
383 1970 494 2019 turbavit
506 1971 586 2020 ianua
598 1971 712 2030 frondes,

50 2064 104 2107 450
124 2064 266 2121 numquam
280 2059 373 2107 ‹leinde
387 2074 449 2108 cavo
463 2061 598 2108 volitantia
610 2061 737 2123 prendere
750 2075 816 2109 saxo

123 2162 171 2196 nec
183 2162 304 2196 revocure
317 2148 381 2195 situs
395 2156 440 2197 aut
452 2149 558 2210 iungere
572 2150 687 2197 carmina
700 2157 782 2196 curat.

123 2236 262 2285 inconsulti
277 2236 373 2285 abeunt
384 2238 524 2300 sedemque
537 2238 615 2285 odere
629 2237 752 2299 Sibyllac.

122 2325 165 2373 hic
177 2324 223 2372 tibi
237 2339 322 2388 nequa
334 2340 422 2374 morae
435 2326 531 2374 fuerint
543 2327 679 2389 dispendia
692 2327 767 2384 tanti,

123 2414 239 2476 quumvis
252 2414 405 2476 increpitent
417 2415 480 2463 socii
494 2422 520 2463 et
531 2416 554 2463 vi
568 2430 656 2464 cursus
669 2415 696 2461 in
709 2415 793 2463 altum

49 2507 102 2550 455
122 2503 180 2550 vela
191 2509 265 2550 vocet
277 2503 412 2564 possisque
425 2504 495 2552 sinus
508 2504 607 2567 inplere
620 2503 757 2562 secundos,

1 2596 31 2735 Ι
113 2590 178 2652 quin
192 2591 273 2640 adeas
286 2594 373 2641 vetem
385 2591 554 2657 precibusque
568 2592 676 2641 oracula
687 2606 792 2655 maces.
