1816 2956
300 213 447 254 Aruernos
466 214 553 253 umus
569 213 600 252 x.
787 203 846 252 4³9

57 376 106 418 665
128 388 183 419 oum
197 372 313 418 Turnum
327 372 412 419 medio
426 371 524 418 interea
536 370 585 418 fert
598 385 709 432 aequore
722 370 806 418 turbo.

127 461 229 523 respicit
241 461 346 521 ignarus
360 475 443 507 rerum
451 455 625 521 'ingratusque
638 460 728 508 salutis

127 556 151 596 et
165 550 274 611 duplicis
288 564 345 597 cum
359 563 421 596 voce
435 562 525 595 manus
539 548 571 594 ad
585 548 670 597 sidere
682 549 772 596 tendit.

125 638 296 700 ‘omnipotens
309 637 419 699 genitor,
435 643 526 685 tanton
538 651 579 684 me
593 637 699 686 crimine
712 637 820 699 dignum

127 727 220 774 duxisti
235 734 260 774 et
272 727 330 775 talis
343 726 446 773 voluisti
459 726 604 788 expendere
616 725 732 788 poenas?

57 818 107 862 670
128 830 179 876 quo
192 815 278 863 feror?
298 815 365 863 unde
379 813 450 862 abii?
469 829 536 876 quae
554 829 596 863 me
614 813 677 876 fuga
695 828 802 876 quemve
815 829 854 863 re·

427 902 513 950 ducit?

127 990 296 1039 Laurentisne
309 990 401 1038 iterum
415 1005 502 1038 muros
516 998 560 1039 aut
573 999 657 1040 cestra
669 991 779 1039 videbo?

128 1079 189 1140 quid
202 1094 293 1128 manus
313 1080 359 1128 illa
372 1079 463 1138 virum,
485 1080 528 1142 qui
548 1095 589 1129 me
607 1095 716 1143 meaque
734 1094 805 1128 armo
817 1093 854 1127 se·

429 1168 496 1216 cuti?

128 1271 227 1319 quosne
241 1256 337 1320 (nefas)
352 1257 435 1305 omnis
448 1256 555 1305 infanda
567 1257 594 1304 in
607 1264 689 1306 morte
702 1256 795 1320 reliqui

128 1353 152 1394 et
165 1362 234 1395 nunc
247 1346 364 1409 polentes
377 1345 451 1394 video
464 1346 640 1409 gemitumque
653 1346 791 1395 cadentum

58 1441 108 1485 675
128 1436 245 1499 accipio?
272 1435 333 1499 quid
353 1434 422 1497 ego?
442 1441 488 1483 sut
506 1450 573 1498 quae
591 1435 644 1484 iam
663 1435 724 1484 setis
741 1435 796 1483 ime
814 1435 856 1484 de-

429 1525 512 1573 hiscat

129 1622 196 1661 torro
208 1615 290 1662 milri?
309 1630 353 1662 vos
367 1629 382 1662 0
397 1615 481 1677 potius
495 1613 660 1671 miserescite,
676 1613 760 1672 venti3

128 1703 155 1748 in
169 1719 254 1765 rupes,
270 1705 297 1750 iu
311 1719 374 1752 saxa
388 1703 487 1766 (voleus
500 1718 544 1750 vos
558 1702 660 1749 Turnus
674 1700 768 1764 adoro)

130 1792 192 1838 sorte
205 1799 286 1840 ratem
299 1792 432 1853 saevisque
445 1791 516 1839 vedis
529 1790 649 1838 inmittite
662 1790 744 1852 syrtis,

130 1894 181 1941 quo
200 1894 283 1942 noque
302 1895 342 1928 me
355 1880 442 1926 Rutuli
458 1893 504 1927 neo
518 1879 622 1927 conseia
634 1878 704 1927 famu
716 1870 858 1941 sequetur?

59 1973 110 2015 680
130 1967 194 2015 hace
214 1983 359 2016 memorans
379 1967 465 2015 nniuro
484 1982 553 2015 nunc
571 1967 635 2026 huc,
662 1981 732 2016 nunc
752 1967 858 2015 fluctuat

429 2056 501 2115 illue,

131 2160 163 2193 sn
177 2160 232 2193 sese
246 2159 368 2193 mucrone
382 2144 413 2192 ob
428 2152 527 2193 tuntum
542 2146 652 2193 dedecus
666 2159 754 2193 amens

131 2234 221 2282 induat
234 2243 259 2282 et
272 2234 378 2282 crudum
392 2249 437 2295 por
450 2241 534 2282 costos
548 2234 635 2295 exigat
648 2247 743 2293 ensem,

130 2323 249 2370 fluctibus
263 2338 295 2371 en
310 2323 388 2371 iaciat
400 2322 491 2370 modiis
506 2332 530 2370 ct
543 2323 619 2370 litora
633 2323 719 2370 nendo

131 2427 208 2459 curva
220 2419 290 2474 petat
297 2411 476 2473 Teucrumque
490 2413 579 2460 iterum
594 2425 621 2460 se
634 2412 725 2459 reddat
738 2411 764 2458 in
775 2425 855 2458 arins.

61 2505 110 2547 685
132 2508 169 2548 ter
182 2508 289 2548 conotus
304 2508 440 2562 utramque
452 2500 528 2559 viam,
544 2508 582 2548 tor
595 2500 710 2548 maxims
722 2500 787 2546 luno

132 2589 259 2637 continuit
271 2589 440 2651 iuvenemque
454 2589 532 2637 animi
547 2589 668 2636 misorntn
680 2587 808 2652 repressit.

132 2678 227 2726 labitur
239 2678 291 2727 alte
304 2694 394 2728 secors
408 2678 537 2740 fluctuque
550 2685 676 2739 aestuque
687 2675 807 2724 secundo
