1816 2956
271 178 522 244 nuusrnos'nindn
539 201 570 245 x.
747 166 814 247 ’42²3'

93 363 201 420 dixerat,
217 369 241 410 et
255 363 344 410 dextra
358 362 490 410 discedens
503 361 597 425 inpulit
610 365 697 422 altam,

93 451 160 499 hand
174 452 266 511 ignara
280 452 358 509 modi,
375 451 496 513 puppim:
518 451 585 514 fugit
596 453 643 501 illa
655 467 701 515 per
713 454 796 500 undas
826 455 829 461 “

93 541 164 589 ocior
177 548 202 588 et
214 540 300 587 iaculo
314 546 338 587 et
351 545 439 587 ventos
453 548 580 601 aequante
593 541 695 603 sagitta.

93 629 153 677 inde
166 629 232 677 aliae
246 629 358 676 celerant
372 642 469 676 cursus.
498 634 582 690 stupet
594 629 689 677 inscius
703 630 758 692 ipse

47 723 73 766 50
93 717 158 765 Tros
173 717 360 775 Anel1isiades3
376 716 475 764 animos
489 723 575 764 tamen
588 717 674 766 omine
686 719 762 766 tollit.

93 815 147 854 turn
160 806 269 855 breviter
285 818 378 867 supera
392 805 543 868 adspectans
562 820 677 854 convexa
689 814 817 868 precatur.

89 886 171 942 ‘alma
183 908 275 956 parens
288 893 366 941 Idaea
379 892 464 952 deum,
481 894 520 942 eui
534 894 665 957 Dindyma
678 894 749 942 eordi

94 983 286 1044 turrigeraeque
299 981 375 1029 urbes
388 981 521 1044 biiugique
535 983 566 1029 ad
581 982 653 1031 frena
665 984 763 1040 leones,

95 1078 121 1118 tu
135 1071 197 1118 mihi
211 1085 280 1118 nune
293 1085 396 1132 pugnae
409 1070 541 1133 princeps,
563 1077 590 1118 tu
603 1071 650 1119 rite
663 1070 821 1133 propinques

47 1166 74 1209 55
95 1159 231 1221 augurium
238 1158 434 1220 Phrygibusque
447 1159 515 1206 adsis
528 1161 602 1222 pede,
612 1159 679 1218 diva,
688 1149 821 1207 seeundo.’

94 1255 194 1297 tantum
208 1247 308 1296 effatus.
336 1254 361 1296 et
373 1247 470 1295 interea
483 1248 599 1296 revoluta
611 1247 701 1296 ruebat

97 1346 197 1386 matura
210 1338 262 1384 iam
275 1338 332 1385 luce
346 1336 400 1384 dies
413 1342 567 1398 noctemque
579 1336 696 1398 fugarat:

94 1427 221 1489 principio
235 1425 311 1474 sociis
325 1425 410 1483 edicit,
426 1425 501 1487 signa
514 1432 655 1488 sequantur

96 1525 172 1576 atque
186 1515 286 1563 animos
300 1521 389 1577 aptent
401 1515 478 1562 armis
492 1528 646 1576 pugnaeque
659 1520 750 1576 parent
762 1527 797 1562 se.

47 1608 76 1650 50
96 1602 199 1664 iamque
217 1602 243 1648 in
263 1609 401 1663 conspectu
414 1603 527 1650 Teucros
540 1601 619 1650 habet
632 1609 656 1650 et
669 1617 715 1650 sua
728 1608 820 1659 eastra,

96 1699 166 1738 stans
180 1692 248 1739 celsa
261 1690 288 1736 in
301 1691 395 1752 puppi,
417 1691 529 1752 elipeum
543 1706 601 1738 oum
615 1691 708 1739 deinde
721 1690 824 1738 sinistra

96 1779 188 1826 extulit
200 1778 340 1827 ardentem.
370 1780 509 1826 clamorem
523 1779 554 1826 ad
568 1779 654 1827 sidera
666 1778 762 1825 tollunt

95 1867 263 1915 Dardanidae
276 1881 290 1914 e
303 1867 391 1924 muris,
407 1880 464 1928 spes
479 1866 567 1913 addit-a
580 1866 687 1914 suscitat
699 1866 759 1924 iras,

96 1957 148 2005 tela
161 1971 238 2004 manu
252 1955 357 2013 iaciunt,
375 1955 463 2016 quales
477 1954 523 2001 sub
537 1954 648 2003 nubibus
662 1954 723 2003 atris

47 2051 76 2093 55
97 2045 259 2107 Strymoniae
274 2045 336 2091 dam
349 2043 423 2103 signa
436 2057 511 2104 grues
525 2051 602 2105 atque
611 2043 715 2091 aethera
722 2049 825 2091 tranant

98 2149 155 2181 enm
168 2133 253 2180 sonitu
267 2132 422 2193 fugiuntque
436 2138 510 2179 notos
525 2132 638 2181 elamore
651 2131 774 2180 seeundo.

97 2229 123 2268 at
135 2222 231 2268 Rutulo
245 2221 298 2280 regi
313 2219 471 2282 ducibusque
485 2236 515 2268 ea
528 2221 592 2268 mira
605 2220 683 2269 videri

98 2309 229 2366 Ausoniis,
246 2309 328 2356 donee
341 2323 425 2356 versas
440 2310 470 2356 ad
486 2309 563 2357 litora
577 2324 674 2372 puppes

98 2398 241 2459 respiciunt
253 2404 386 2459 totumque
400 2397 486 2445 adlabi
501 2398 625 2446 elassibus
640 2411 745 2458 aequor.

48 2493 79 2535 70
99 2487 171 2534 ardet
185 2500 251 2548 apex
264 2487 341 2548 capiti
356 2486 489 2548 cristisque
503 2502 518 2533 a
530 2486 624 2533 vertice
636 2486 747 2532 damma
803 2496 807 2505 ·

99 2576 213 2622 funditur
225 2583 250 2624 et
263 2583 348 2626 vastos
363 2576 445 2626 umbo
459 2575 545 2624 vomit
558 2587 660 2624 aumas
669 2567 764 2627 'suffia

85 2677 137 2710 non
150 2679 227 2714 seeus
241 2683 274 2718 ac
289 2669 398 2736 liquida
414 2667 559 2736 siquando
574 2669 666 2712 noane
681 2651 817 2702 onmem
