1816 2956
256 187 426 229 GEORGIOON
443 188 531 227 breue
547 188 578 228 11.
778 181 813 226 ⁷7

85 347 197 396 rusticus
210 353 236 395 et
248 361 325 395 curvo
339 344 444 394 Saturni
459 346 535 394 dente
547 345 664 394 relictam

86 435 249 500 persequitur
261 436 339 484 ritem
353 435 489 483 attondens
503 434 628 496 fingitque
640 433 766 496 putando.

86 525 186 588 primus
200 523 307 572 humum
320 523 412 582 fodito,
427 523 525 586 primus
539 524 645 572 devecta
657 530 770 572 cremato

87 621 220 662 sarmenta
232 620 257 661 et
268 613 350 661 vallos
363 613 461 675 primus
474 613 521 660 sub
535 620 603 661 tecta
615 612 724 672 referto3

41 708 68 752 10
87 710 233 766 postremus
246 701 344 750 metito.
373 701 411 749 bis
424 701 517 749 ritibus
530 701 628 762 ingruit
640 700 741 760 umbra,

88 790 128 838 bis
140 797 254 852 segetem
268 791 353 839 densis
365 790 498 838 obducunt
510 789 624 839 sentibus
638 789 745 839 herbae:

89 881 168 928 durus
181 887 289 942 uterque
303 878 393 938 labor3
414 879 519 927 laudato
533 879 731 941 ingenuarum,

88 969 213 1031 exiguom
226 968 313 1016 colito.
341 982 389 1015 nec
402 982 455 1015 non
468 969 546 1016 etiem
559 982 650 1030 aspera
663 969 730 1016 rusci

87 1058 186 1106 vimina
197 1072 243 1120 per
255 1056 346 1104 silvam
360 1063 385 1104 et
397 1056 459 1119 ripis
471 1057 581 1105 fluvialis
594 1057 713 1105 harundo

41 1152 68 1196 15
90 1147 206 1196 caeditur
218 1146 362 1208 incultique
375 1153 477 1195 exercet
490 1161 552 1194 cura
564 1146 657 1194 salicti.

88 1235 142 1284 iam
154 1235 254 1284 vinctae
267 1234 339 1293 sites,
355 1234 408 1282 iam
421 1235 514 1284 falcem
528 1235 632 1283 arbusta
644 1241 782 1297 reponunt,

89 1326 143 1374 iam
156 1324 227 1374 canit
239 1323 343 1372 effectos
356 1331 485 1372 extremus
498 1325 592 1372 vinitor
605 1331 693 1372 antes:

89 1413 257 1463 sollicitanda
270 1419 357 1461 tamen
370 1413 446 1461 tellus
459 1413 594 1476 pulvisque
607 1413 748 1462 movendus

90 1510 116 1552 et
127 1503 180 1551 iam
192 1502 299 1550 maturis
312 1503 464 1551 metuendus
477 1502 593 1565 Iuppiter
605 1503 669 1551 uvis.

41 1598 69 1640 20
127 1589 227 1640 Contra
238 1605 291 1638 non
304 1592 359 1639 ulla
372 1599 410 1639 est
423 1591 487 1639 oleis
501 1592 611 1651 cultura,
626 1606 711 1655 neque
723 1591 785 1640 illae

89 1693 243 1743 procurvam
256 1686 393 1742 expectant
406 1679 499 1728 falcem
511 1688 658 1744 rastrosque
672 1688 784 1739 tenaces,

90 1783 150 1818 enm
163 1768 243 1817 semel
256 1768 394 1818 haeserunt
407 1769 472 1817 arvis
486 1784 613 1832 aurasque
627 1771 756 1830 tulerunt3

89 1859 147 1922 ipsa
160 1857 222 1906 satis
236 1858 321 1916 tellus,
337 1873 396 1906 cum
410 1858 485 1906 dente
498 1859 639 1906 recluditur
651 1873 729 1917 unco,

89 1946 186 1996 sufficit
197 1961 314 1996 umorem
327 1954 352 1995 et
364 1947 493 2008 gravidas,
509 1962 568 1996 cum
580 1963 692 2007 vomere,
708 1947 794 2009 fruges

41 2041 69 2085 25
89 2036 141 2086 hoc
153 2036 277 2098 pinguem
290 2043 316 2085 et
328 2036 451 2099 placitam
463 2036 526 2085 Paci
539 2037 650 2085 nutritor
663 2037 765 2085 olivam.

125 2125 209 2173 Poma
227 2140 346 2188 quoque,
367 2133 396 2174 ut
412 2125 524 2188 primum
540 2133 645 2175 truncos
663 2141 765 2175 sensere
778 2141 821 2174 ra-

392 2215 474 2264 lentes

90 2311 116 2353 et
128 2303 194 2352 vires
207 2302 321 2352 habuere
334 2319 401 2363 snas,
418 2305 450 2352 ad
464 2303 549 2352 sidera
561 2305 655 2367 raptim

89 2393 115 2440 vi
128 2392 234 2455 propria
247 2393 363 2441 nituntur
376 2394 485 2457 opisque
497 2393 566 2441 haud
580 2393 670 2455 indiga
683 2402 795 2442 nostrae.

89 2495 140 2530 nec
152 2481 237 2530 minus
250 2482 349 2530 interea
361 2481 413 2530 fetu
427 2497 517 2532 nemus
531 2497 610 2534 omne
623 2483 757 2549 gravescit

41 2577 69 2617 ιο
84 2570 284 2631 sanguineisque
296 2571 399 2623 inculta
411 2575 512 2628 rubent
526 2578 635 2628 aviaria
644 2576 736 2627 taes.

70 2653 212 2701 tondentur
224 2658 308 2721 cytisi,
326 2667 420 2716 taedas
437 2669 511 2722 silva
528 2674 589 2724 alta
603 2671 769 2728 ministrat,
