1816 2956
300 188 469 231 GEORGIGON
489 190 578 231 LIBER
594 191 614 232 1.
814 183 853 231 45

59 355 107 398 120
129 347 344 411 Strymoniaeque
356 362 432 410 grues
445 354 471 396 et
483 349 578 398 amaris
590 349 673 398 intiba
685 349 754 398 fibris

128 437 245 486 officiunt
257 443 302 486 aut
313 437 406 486 umbra
417 444 501 486 nocet.
530 445 602 501 pater
614 439 669 502 ipse
683 439 784 487 uolendi

128 526 197 574 haud
205 525 444 575 faoilamesseviam
454 527 543 586 voluit,
558 528 707 590 primusque
719 541 764 590 per
776 533 856 576 artem

128 615 208 663 movit
222 628 307 676 agros,
322 615 390 662 euris
403 628 498 664 acuens
512 616 632 664 mortalia
645 615 732 673 corda,

129 718 176 752 nec
189 710 290 766 torpere
302 703 374 765 gravi
388 718 478 766 passus
492 719 539 752 sua
552 718 632 766 regna
644 711 756 752 veterno.

60 799 108 840 125
129 799 188 841 ante
201 792 288 840 Iovem
301 792 367 839 nulli
379 792 535 854 subigebant
547 808 609 842 arva
621 793 724 852 uoloni3

77 921 78 924 ,
128 895 161 928 ne
174 881 277 943 signare
289 880 394 943 quidem
408 888 453 929 ant
464 882 553 946 partiri
567 882 648 930 limite
662 896 781 944 campum

129 969 168 1017 fas
180 975 247 1018 erat:
261 970 290 1017 in
303 969 418 1018 medium
431 970 598 1032 quaerebant,
613 971 722 1033 ipsaque
735 970 811 1018 tellus

129 1058 217 1106 omnia
229 1058 344 1117 liberius,
360 1059 433 1107 nullo
446 1066 576 1122 poscente,
593 1058 698 1106 ferebat.

128 1147 174 1195 ille
186 1147 283 1196 malum
297 1147 365 1195 virus
379 1147 539 1209 serpentibus
553 1147 654 1194 addidit
666 1147 735 1205 atris,

60 1241 109 1284 130
129 1236 299 1299 praedarique
313 1237 389 1299 lupos
402 1235 477 1283 iussit
490 1243 651 1299 pontumque
664 1235 770 1293 moveri,

129 1325 259 1388 mellaque
273 1325 385 1373 decussit
397 1323 476 1383 foliis,
491 1325 630 1386 ignemque
643 1325 759 1379 removit,

129 1420 155 1462 et
167 1414 263 1476 passim
275 1414 335 1462 rivis
348 1414 477 1462 currentia
489 1414 549 1462 vina
562 1414 690 1477 repressit,

128 1508 157 1549 nt
169 1503 252 1550 varias
264 1517 325 1551 usus
339 1502 488 1550 meditando
502 1504 653 1551 extunderet
666 1510 731 1551 artes

129 1591 266 1653 paullatim
279 1598 304 1640 et
316 1591 394 1640 sulcis
408 1591 528 1640 frumenti
542 1598 675 1654 quaereret
686 1591 802 1650 horbam,

59 1685 107 1727 135
129 1685 157 1726 ut
170 1679 249 1729 silicis
261 1681 332 1729 venis
346 1680 493 1728 abstrusum
506 1681 644 1728 excuderet
656 1681 752 1741 ignem.

128 1775 190 1816 tuno
203 1769 278 1818 alnos
291 1770 402 1833 primum
414 1769 482 1816 fluvii
496 1783 598 1818 sensere
611 1776 723 1828 cavatas,

128 1857 215 1905 navita
228 1864 282 1906 tum
295 1858 376 1907 stellis
389 1872 509 1906 numeros
522 1867 548 1906 et
559 1858 666 1905 nomina
679 1857 746 1916 fecit,

128 1946 254 2008 pleiadas,
269 1947 375 2009 hyadas,
392 1947 541 2008 claramque
555 1947 684 2009 Lycaonis
697 1954 796 2006 areton,

128 2040 183 2081 turn
195 2035 295 2096 laqueis
308 2042 412 2097 captare
425 2035 491 2083 feras
504 2042 529 2083 et
541 2035 631 2083 fallere
644 2036 713 2084 visoo

59 2128 108 2170 140
129 2123 260 2171 inventum
273 2130 298 2172 et
310 2137 419 2184 magnos
433 2124 540 2172 canibus
555 2125 715 2174 circumdare
728 2125 807 2173 saltus
818 2143 824 2185 ς

128 2219 205 2274 atque
219 2212 284 2260 alius
297 2213 379 2260 latum
392 2212 473 2261 funda
486 2214 538 2262 iam
551 2213 667 2261 verberat
679 2229 781 2262 amnem

128 2301 182 2348 alta
194 2306 292 2363 petens,
307 2301 454 2364 pelagoque
467 2303 533 2350 alius
547 2303 625 2350 trahit
639 2303 726 2350 umida
739 2303 808 2360 lina3

128 2395 182 2436 tum
195 2389 254 2438 ferri
268 2389 338 2450 rigor
351 2397 428 2452 atque
442 2398 547 2452 argutae
561 2392 687 2439 lammina
699 2405 784 2438 serrae

128 2477 201 2540 (nam
214 2477 290 2540 primi
304 2479 390 2526 cuneis
402 2479 558 2530 scindebant
571 2480 654 2532 iissile
664 2478 799 2544 lignumq,

54 2572 102 2609 145
120 2572 172 2607 tum
187 2564 270 2610 variae
283 2579 373 2615 venere
385 2577 465 2621 artes.
500 2574 582 2625 labor
596 2575 694 2625 omnia
705 2572 776 2623 vida

101 2646 228 2702 inprobus
240 2657 268 2697 et
278 2652 353 2704 duris
367 2673 495 2725 urguens
510 2669 540 2718 in
556 2669 647 2719 rebus
664 2674 793 2733 egestas.
