1816 2956
60 208 97 254 Ἡ
298 215 322 254 Ρ.
340 212 461 254 VERGILI
480 213 611 253 MARONIS

128 372 231 423 corticis
243 378 320 434 atque
333 371 389 418 solo
402 384 522 432 proceres
535 369 611 431 erigit
622 370 706 418 alnos.

128 468 182 509 tum
200 460 269 510 canit
285 467 413 507 errantem
428 458 554 508 Permessi
572 459 605 507 ad
622 458 733 508 flumina
751 456 828 510 Gallu

76 555 108 599 65
128 551 216 598 Aonas
229 550 256 597 in
270 548 364 596 montis
376 555 405 595 ut
417 547 519 595 duxerit
532 562 583 594 una
595 561 715 596 sororum

127 647 207 701 utque
218 637 273 685 viro
286 635 384 685 Phoebi
398 636 491 684 chorus
504 636 678 685 adsurrexerit
690 638 791 698 omnis,

128 735 157 774 ut
167 726 248 774 Linus
262 725 326 773 haec
338 725 376 773 illi
390 724 476 773 divino
490 725 603 772 carmine
616 732 713 787 pastor,

128 813 232 862 floribus
246 821 323 875 atque
337 813 395 875 apio
409 813 486 861 crinis
500 819 605 859 ornatus
618 827 718 872 aimaro,

128 903 229 964 dixerit,
242 892 300 951 ‘hos
313 901 359 949 tibi
373 902 436 949 dant
448 902 562 949 calamos
575 900 619 964 (en
635 902 739 965 accipe)
758 918 829 953 musa

76 995 108 1040 70
127 979 241 1039 Ascraeo
254 1004 320 1052 quos
333 998 392 1037 ante
405 989 469 1047 seni,
485 989 577 1051 quibus
590 990 635 1038 ille
647 989 752 1039 solebat

128 1079 256 1127 cautando
270 1078 366 1140 rigidas
380 1078 506 1126 deducere
519 1077 649 1125 montibus
662 1092 754 1128 ornos.

128 1167 167 1215 his
180 1167 226 1214 tibi
240 1166 334 1229 Grynei
348 1167 460 1215 nemoris
474 1166 574 1214 dicutur
587 1165 669 1226 origo,

128 1256 217 1318 nequis
231 1255 264 1302 sit
276 1256 349 1302 lucu's
363 1268 414 1316 quo
428 1269 455 1302 se
468 1255 526 1317 plus
539 1254 616 1302 iactet
629 1248 751 1316 Apollo?

127 1344 188 1406 quid
199 1345 301 1406 loquar,
316 1342 481 1404 autScyllam
488 1341 552 1399 Nisi,
569 1356 646 1403 quam
659 1341 731 1390 lama
745 1353 829 1394 secuta

75 1436 106 1481 75
127 1432 238 1480 candida
250 1432 408 1479 succinctam
421 1430 573 1478 latrantibus
586 1430 695 1491 inguina
708 1434 829 1481 monstris

126 1519 261 1568 Dulichias
274 1526 379 1567 vexasse
392 1525 459 1566 rates
472 1526 497 1566 et
508 1520 610 1580 gurgite
623 1519 650 1566 in
663 1520 726 1577 alto,

127 1623 150 1667 a,
166 1608 269 1656 timidos
282 1614 374 1654 nautes
388 1606 494 1655 canibus
507 1608 633 1655 lacerasse
646 1608 767 1669 marinis,

126 1704 171 1743 aut
182 1703 211 1743 ut
222 1702 334 1743 mutatos
347 1694 421 1743 Terei
435 1696 576 1743 narraverit
589 1703 667 1754 aruis,

127 1800 190 1846 quas
203 1785 241 1832 illi
255 1784 401 1832 Philomela
414 1784 501 1846 dapes,
517 1799 583 1846 quae
597 1785 666 1832 dona
678 1788 789 1846 pararit,

74 1877 106 1919 80
126 1887 177 1934 quo
191 1881 266 1921 cursu
279 1873 379 1920 deserta
391 1873 508 1934 petiverit
520 1879 545 1920 ct
557 1872 649 1934 quibus
663 1880 722 1922 ante

125 1959 217 2009 infelix
229 1977 276 2008 sua
289 1968 356 2010 tecta
368 1961 590 2024 supervolitaverit
603 1960 668 2008 alis?

127 2051 215 2096 omnia
228 2064 294 2111 quae
307 2049 413 2097 Phoebo
428 2050 560 2111 quondum
574 2050 713 2098 meditante
727 2049 821 2100 beatus

126 2137 208 2203 audiit
219 2138 329 2186 Eurotas
342 2138 466 2199 iussitque
479 2138 591 2185 ediscere
605 2138 701 2197 laurus,

126 2227 170 2275 illc
183 2226 253 2275 canit
265 2225 366 2288 (pulsae
379 2224 492 2273 referunt
504 2227 536 2273 ad
550 2227 634 2273 sidera
646 2226 749 2286 valles),

74 2321 106 2364 85
126 2329 218 2376 cogere
231 2315 313 2362 donec
326 2314 380 2361 ovis
393 2314 500 2361 stabulis
513 2327 699 2376 numerumque
712 2316 805 2365 referri

124 2403 198 2451 iussit
210 2410 235 2452 et
247 2403 326 2450 invito
338 2403 463 2463 processit
476 2402 574 2465 Vesper
587 2402 708 2464 Olympo.
