1816 2956
72 151 134 199 186
312 161 338 201 Ρ.
356 161 477 201 VERGILI
497 160 627 201 Manouls

176 317 229 366 Vix
242 333 272 366 ea
285 317 352 365 fatus
366 324 421 366 erat
433 318 528 376 senior,
544 317 681 380 subitoque
694 318 796 380 fragore

141 408 256 458 intonuit
267 407 369 455 laevom
382 415 407 454 et
420 407 451 455 de
465 407 537 455 eaelo
551 407 624 470 lapsa
638 421 683 470 per
694 408 800 456 umbras

141 496 218 544 stella
230 495 313 543 facem
327 496 423 544 ducens
436 496 518 543 multa
530 511 588 543 cum
602 496 659 544 luee
673 497 793 545 cucurrit.

66 589 121 633 695
142 585 223 642 illam,
239 599 340 653 summa
352 598 429 646 super
441 584 572 633 labentem
585 586 699 634 culmina
712 587 781 645 tecti,

141 673 269 722 ceruimus
282 673 361 721 Idaea
374 673 471 721 elatam
484 688 511 721 se
525 674 635 722 tondere
648 673 712 722 silva

141 762 338 824 signantemque
351 761 420 820 vias3
441 768 496 809 tum
508 761 588 823 longo
603 763 683 811 limite
696 763 783 810 sulcus

142 851 187 899 dat
199 851 284 898 lucem
297 859 322 898 et
335 851 386 898 late
400 850 496 898 circum
509 851 569 899 loca
581 852 686 914 sulpure
700 851 809 899 sumant.

141 940 184 988 hie
196 954 256 988 vero
270 939 350 987 vietus
363 939 466 1000 genitor
479 954 506 987 se
519 940 588 988 tollit
601 941 633 987 ad
647 955 722 988 auras

67 1031 122 1078 ‘too
142 1028 296 1091 adfaturque
309 1029 370 1077 deos
384 1037 409 1077 et
421 1037 539 1076 sanetum
552 1029 623 1077 sidus
636 1030 736 1078 adorat.

141 1117 202 1164 ‘iam
221 1117 273 1165 iam
292 1117 365 1165 nulla
384 1131 457 1165 mora
476 1124 529 1174 est;
550 1131 644 1180 sequor
663 1125 688 1167 et
708 1132 759 1178 qua
779 1116 871 1167 ducitis

442 1205 542 1252 adsum.

142 1295 168 1342 di
180 1295 266 1357 patrii,
282 1302 380 1342 servate
394 1294 508 1352 domum,
525 1301 622 1341 servate
636 1300 765 1355 nepotem.

140 1390 251 1432 vestrum
264 1383 313 1431 hoo
324 1382 461 1444 augurium
468 1382 636 1444 vestroquein
644 1383 749 1430 numine
757 1383 869 1433 Troiast.

142 1472 205 1520 cedo
219 1472 339 1533 equidem
352 1486 408 1530 nee,
424 1478 492 1528 nate,
509 1471 554 1518 tibi
568 1485 653 1519 comes
667 1472 704 1519 ire
717 1465 829 1520 reeus0.’

67 1564 120 1610 705
142 1560 243 1608 dixerat
256 1560 309 1618 ille,
325 1566 350 1608 et
362 1559 414 1607 iam
427 1574 472 1621 per
486 1560 589 1608 moenia
603 1560 696 1607 elatior
709 1561 776 1621 ignis

141 1649 245 1697 auditur
258 1648 415 1712 propiusque
430 1656 513 1696 aestus
526 1648 648 1696 incendia
660 1650 774 1697 volvont.

139 1727 211 1799 ‘ergo
225 1752 282 1798 age,
299 1752 357 1785 eare
370 1745 451 1799 pater,
467 1737 558 1785 cervici
572 1737 696 1799 inponere
710 1744 830 1796 nostrae3

142 1827 196 1889 ipse
209 1826 301 1874 subibo
315 1825 409 1873 umeris
423 1840 471 1873 nee
484 1840 524 1874 me
537 1825 611 1873 labor
625 1826 672 1874 iste
683 1826 810 1887 gravabit.

141 1930 193 1978 quo
201 1929 241 1963 res
250 1928 359 1976 eumque
366 1914 466 1972 cadent,
475 1929 555 1962 unum
563 1922 729 1962 eteommrme
735 1916 870 1976 periclum,

67 2009 121 2053 710
141 2019 195 2051 una
207 2005 277 2051 salus
291 2003 416 2051 ambobus
430 2004 486 2051 erit.
514 2004 577 2051 mihi
591 2017 683 2065 parvos
697 2003 769 2050 Iulus

141 2093 175 2140 sit
188 2107 273 2140 comes
287 2100 312 2140 et
325 2093 402 2153 longe
415 2098 496 2139 servet
509 2091 617 2152 vestigia
631 2091 753 2139 coniunx.

140 2196 195 2239 vos,
212 2181 311 2239 famuli,
328 2195 394 2243 quae
408 2181 492 2228 dicam
506 2180 598 2228 animis
613 2181 736 2228 advertite
749 2180 848 2228 vestris.

140 2277 180 2318 est
191 2270 254 2318 urbe
269 2270 376 2331 egressis
389 2270 503 2317 tumulus
517 2270 693 2331 templumque
709 2276 839 2316 vetustum

143 2359 258 2408 desertae
273 2357 372 2406 Cereris
386 2358 510 2420 iuxtaque
524 2359 630 2419 antiqua
644 2371 779 2418 cupressus

71 2452 121 2496 715
142 2448 268 2509 religione
282 2455 383 2509 patrum
397 2447 492 2493 multos
505 2455 604 2494 servata
618 2461 663 2509 per
677 2460 775 2492 annos:

143 2538 209 2585 hane
223 2551 254 2585 ex
268 2536 367 2583 diverso
381 2535 467 2583 sedem
480 2535 611 2582 veniemus
624 2535 651 2581 in
664 2550 752 2582 uuam.

143 2633 184 2682 tu,
200 2625 314 2687 genitor,
331 2639 394 2687 cape
407 2639 480 2671 sacra
494 2637 573 2670 rnanu
587 2624 735 2685 patriosque
749 2633 874 2686 penates3
