1816 2956
61 177 121 225 324
301 187 326 225 r.
343 186 464 226 vnncnn
485 186 615 226 trunonis

130 359 177 392 nec
190 345 266 406 plura
279 343 414 392 adludens.
443 358 474 391 en
487 358 536 390 vox
549 345 637 392 audita
651 346 770 394 laborum

130 433 214 496 prima
226 432 285 480 tulit
297 432 375 481 finem
388 432 549 496 primamque
562 434 692 496 loquentis
705 435 737 482 nb
752 450 797 484 ore

130 521 223 584 eripuit
235 528 308 583 peter
321 537 351 570 ac
364 521 522 584 stupefactus
536 523 642 570 numine
654 525 755 586 pressit.

60 615 109 658 120
130 610 253 658 continno
264 599 344 658 ‘salve
357 610 416 658 fotis
430 610 493 658 mibi
506 611 593 659 debite
605 613 682 660 tellus

129 690 234 762 vosque’
247 699 282 747 ait
291 688 318 746 ‘o
332 698 376 746 fidi
389 698 484 746 Troiae
497 700 592 747 salvete
605 709 725 762 penates:

86 832 90 839 .
129 788 171 836 hic
191 788 298 847 domus,
319 788 383 836 hoec
401 788 486 850 petria
506 795 552 835 est.
592 789 694 849 genitor
711 790 776 838 mihi
798 794 865 842 tolie

432 890 544 938 namque

129 967 210 1031 (nnnc
223 965 323 1029 repeto)
337 964 464 1013 Anchises
477 964 589 1013 fatorum
602 981 697 1015 arcane
710 968 833 1031 reliquit:

126 1047 196 1105 ‘cnm
209 1063 242 1114 te,
258 1063 326 1113 nate,
342 1054 422 1103 fames
437 1054 526 1116 ignote
539 1055 571 1102 ed
586 1055 662 1102 litore
675 1064 776 1104 vectum

60 1151 108 1194 125
129 1145 219 1194 accisis
233 1151 308 1206 coget
321 1142 430 1205 dapibus
445 1157 595 1192 consumere
608 1159 719 1202 mensas,

128 1242 184 1282 tum
195 1247 298 1296 sperare
312 1233 403 1280 domos
418 1231 531 1279 defessus
545 1231 632 1294 ibique
646 1241 776 1281 memento

128 1323 212 1386 primu
224 1323 310 1370 locare
323 1336 402 1368 manu
416 1321 553 1383 molirique
567 1336 661 1383 aggere
674 1313 761 1370 tcctn.'

128 1412 193 1460 haec
206 1418 261 1459 erat
273 1410 319 1458 ille
331 1410 421 1468 fames,
437 1409 500 1457 haec
514 1424 561 1456 nos
575 1424 695 1472 suprema
707 1411 842 1471 manebat,

128 1500 213 1548 exitiis
226 1499 342 1562 positura
355 1499 470 1547 modum.

60 1594 108 1637 130
128 1604 208 1652 qnare
223 1588 291 1650 agite
305 1596 330 1637 et
342 1589 426 1651 primo
439 1587 501 1635 laeti
515 1603 574 1634 cum
587 1588 683 1635 lumine
697 1589 761 1636 solis

129 1693 195 1742 quae
216 1679 289 1737 loca,
312 1678 387 1740 quive
407 1677 520 1724 habeant
538 1677 670 1734 homines,
692 1678 736 1724 nbi
755 1681 863 1728 moenia

428 1766 521 1827 gentis,

127 1858 280 1918 vestigemus
295 1862 319 1902 et
331 1871 347 1903 a
360 1862 436 1917 portu
450 1855 550 1902 diversa
563 1864 688 1917 petemus.

127 1960 196 1993 nunc
209 1952 310 2008 peteres
325 1943 402 1991 libate
414 1944 469 1991 lovi
483 1944 651 2006 precibusque
665 1952 754 1991 vocate

127 2033 260 2081 Anchisen
273 2033 418 2094 genitorem
432 2039 456 2080 ct
469 2033 528 2079 vina
541 2035 657 2095 reponite
671 2025 787 2080 mensis.'

60 2127 107 2170 135
127 2122 164 2169 sic
178 2122 271 2169 deinde
284 2122 375 2170 effatus
389 2121 518 2168 frondenti
533 2129 647 2183 tempora
662 2136 733 2169 ramo

127 2210 235 2272 inplicat
248 2219 273 2258 et
284 2211 441 2272 geniumque
454 2210 505 2258 loci
518 2211 679 2272 primamque
693 2210 802 2258 deorum

127 2300 258 2347 Tellurem
272 2298 450 2361 nymphasque
464 2305 488 2346 et
501 2298 585 2346 adhue
599 2298 688 2358 ignota
702 2309 827 2361 precetur

126 2388 242 2447 flumina,
258 2397 312 2435 tum
325 2387 433 2435 Noctem
446 2388 586 2449 Noctisque
600 2388 709 2435 orientia
722 2388 800 2448 signa

127 2478 286 2539 Idaeumque
297 2476 384 2524 lovem
396 2475 588 2538 Phrygiumque
601 2492 633 2524 ex
647 2477 736 2523 ordine
749 2478 863 2527 Matrem

59 2571 107 2614 140
127 2567 230 2613 invocat
243 2574 268 2613 et
281 2565 389 2627 duplicis
405 2563 537 2627 Caeloque
550 2566 686 2627 Ereboque
700 2575 833 2627 parentes.

120 2654 165 2703 bic
175 2662 254 2719 pater
267 2655 431 2720 omnipotens
445 2662 482 2703 ter
496 2655 568 2702 caelo
583 2655 665 2702 clarus
680 2654 711 2702 ab
726 2656 782 2704 alto
