1816 2956
306 187 426 230 actosa
447 188 509 228 vm.
761 175 803 223 ’29

114 335 200 409 incipe
213 345 357 394 Maenalios
371 359 480 402 mecum,
496 358 554 393 mea
566 344 638 404 tibia,
654 359 750 392 versus.

77 437 213 486 Maenalus
232 441 403 497 argutumque
420 448 510 481 nemus
527 434 654 496 pinosque
671 434 806 495 loquentes

65 565 68 570 .
79 540 181 588 semper
194 523 285 582 habet,
305 537 406 585 semper
418 529 552 584 pastorum
564 523 609 571 ille
622 523 694 570 audit
706 534 806 569 amores

81 615 205 676 Panaque
219 613 263 674 qui
277 612 374 674 primus
387 612 501 660 calamos
514 625 567 658 non
580 625 670 674 passus
684 611 786 658 inertes.

37 709 59 752 25
116 703 201 764 incipe
214 701 357 750 Maenalios
370 714 479 758 mecum,
495 713 553 748 mea
566 699 638 759 tibia,
655 713 750 747 versus.

80 792 173 853 Mopso
186 789 248 839 Nisa
261 790 350 837 datur:
372 789 434 852 quid
448 803 500 837 nou
513 803 643 851 speremus
656 786 789 835 amantes?

80 881 220 941 iungentur
232 879 284 926 iam
296 893 389 940 grypes
402 878 476 940 equis
488 892 603 941 aevoque
619 875 735 938 sequenti

81 983 140 1017 curn
153 967 259 1016 canibus
272 967 354 1014 timidi
368 966 472 1015 venient
482 966 515 1014 ad
528 966 624 1028 pocula
636 966 765 1013 dammae.

81 1057 181 1118 Mopse,
197 1070 275 1104 novas
288 1055 373 1103 incide
386 1055 471 1114 saces3
491 1053 537 1102 tibi
551 1054 653 1103 ducitur
664 1068 746 1101 uxor:

36 1152 62 1194 30
83 1159 190 1207 sparge,
223 1144 328 1202 marite,
362 1158 456 1202 nuces3
488 1142 534 1190 tibi
560 1142 654 1192 deserit
678 1141 807 1204 Hesperus

384 1231 484 1281 Oetam.

118 1320 203 1383 incipe
215 1321 360 1368 Maenalios
373 1335 482 1378 mecum,
498 1335 556 1369 mea
568 1318 639 1377 tibia,
655 1333 749 1367 versus.

84 1424 99 1456 o
113 1409 192 1470 digno
206 1409 344 1458 coniuncta
356 1409 419 1467 viro,
435 1409 497 1457 <lum
510 1408 618 1471 despicis
631 1422 720 1457 omnes

84 1498 197 1560 dumque
210 1497 256 1544 tibi
270 1504 308 1545 est
320 1497 381 1546 odio
395 1512 453 1546 mea
464 1498 551 1545 fistula
564 1498 676 1560 dumque
693 1495 809 1558 capellae

84 1586 261 1648 hirsutumque
273 1586 439 1648 supercilium
451 1587 628 1649 promissaque
641 1584 722 1633 barba

34 1680 63 1724 35
84 1688 132 1723 nec
145 1687 234 1722 curare
247 1674 324 1722 deum
337 1674 419 1722 credis
432 1675 553 1723 mortalia
564 1688 730 1737 quemquam.

119 1761 203 1824 incipe
216 1762 359 1809 Maenalios
372 1776 482 1822 mecum,
498 1778 556 1810 mea
568 1763 639 1821 tibia,
654 1776 750 1810 versus.

83 1850 202 1913 saepibus
215 1851 242 1898 in
256 1850 350 1898 nostris
362 1865 467 1913 parvam
480 1858 504 1900 te
517 1852 619 1900 roscida
634 1852 704 1898 mala

84 1938 150 2000 (dux
162 1953 212 2000 ego
224 1948 306 1986 vester
319 1939 401 2001 oram)
414 1939 466 1987 vidi
480 1955 538 1989 cum
551 1949 632 1989 matre
646 1942 783 2001 legentem.

85 2028 150 2075 alter
163 2027 195 2075 ab
209 2027 346 2076 undecimo
360 2034 414 2076 tum
428 2043 468 2076 me
481 2029 534 2076 iam
547 2036 681 2091 acceperat
693 2042 785 2086 annus,

33 2121 64 2162 to
84 2115 137 2162 iarn
149 2114 249 2176 fragilis
261 2123 378 2178 poteram
391 2116 423 2164 ab
437 2123 505 2165 terra
516 2117 665 2179 contingere
678 2132 772 2165 ramos.

84 2210 113 2251 ut
126 2203 186 2261 vidi,
203 2210 230 2251 ut
242 2204 322 2266 perii!
343 2211 424 2254 utine
437 2207 520 2253 malus
534 2205 639 2254 abstulit
652 2205 737 2254 error!

120 2292 206 2354 incipe
218 2292 362 2341 Maenalios
375 2308 484 2353 mecum,
500 2308 558 2342 mea
570 2294 642 2353 tibia,
657 2309 751 2342 versus.

85 2395 154 2428 nunc
167 2381 221 2428 scio
235 2381 296 2443 quid
310 2381 343 2429 sit
355 2382 446 2430 Amor.
474 2383 544 2429 duris
558 2383 584 2429 in
599 2382 698 2430 cotibus
712 2382 786 2429 illum

85 2477 131 2516 aut
142 2469 252 2518 Tmaros
270 2478 314 2518 aut
325 2471 452 2534 Rhodopa
465 2477 510 2519 aut
522 2471 633 2521 extremi
643 2469 823 2521 Garamantes

32 2564 64 2605 45
81 2573 130 2604 nec
138 2559 242 2616 generis
253 2560 336 2609 nostri
347 2577 464 2625 puerum
477 2580 529 2618 nec
542 2565 689 2631 sauguinis
703 2562 801 2611 suunt.

98 2641 188 2702 incipe
199 2645 352 2702 Maenalios
367 2671 493 2725 mecum,
508 2659 677 2718 montiliis,
692 2663 809 2703 uersus·
