1816 2956
288 184 436 224 AENEIDOS
458 185 546 223 LIBER
562 184 624 222 Vlll.
794 175 856 220 377

128 343 241 391 mulcere
255 342 367 389 alternos
382 349 406 388 et
419 356 529 403 corpora
542 340 638 401 fingere
651 339 750 400 lingua.

58 436 107 478 635
128 445 176 479 nec
193 431 284 493 procul
297 431 357 478 hinc
370 417 481 477 Romam
494 437 519 477 et
531 436 619 491 raptas
629 429 685 476 sine
698 443 769 476 more
783 427 862 476 Sabi—

429 532 476 565 nas

128 622 250 655 consessu
264 621 365 664 caveae,
381 606 483 667 magnis
497 604 661 654 Circensibus
675 607 747 665 actis,

128 697 264 744 addiderat
275 695 413 757 subitoque
425 709 520 742 novom
533 709 688 756 consurgere
700 695 797 744 bellum

127 785 272 833 Romulidis
286 784 415 845 Tatioque
428 784 482 831 seni
496 782 659 845 Curibusque
672 784 773 832 severis.

128 883 187 937 post
199 874 268 922 idem
280 874 347 921 inter
360 886 387 921 se
400 872 485 934 posito
499 873 638 920 certamine
651 886 723 933 reges

58 968 109 1010 640
129 963 221 1010 armati
234 962 302 1010 Iovis
315 969 375 1010 aute
388 976 460 1009 aram
474 969 627 1022 paterasque
640 967 756 1009 tenentes

129 1050 232 1099 stabant
244 1057 269 1098 et
281 1065 357 1099 caesa
368 1050 512 1111 iungebant
524 1049 629 1097 foedera
641 1065 730 1112 porca.

128 1139 197 1186 haud
210 1137 300 1200 procul
311 1139 372 1186 iude
384 1138 450 1186 citae
457 1138 565 1185 Mettum
573 1138 599 1184 in
607 1139 707 1186 diversa
715 1138 860 1200 quadrigae

129 1228 282 1275 distulerant
298 1227 337 1288 (at
349 1234 376 1274 tu
390 1227 473 1285 dictis,
489 1227 599 1284 Albane,
615 1227 762 1290 maneresl)

128 1315 298 1378 raptabatque
311 1315 357 1362 viri
370 1315 501 1364 mendacis
514 1315 611 1362 viscera
624 1315 716 1364 Tullus

59 1410 108 1452 645
129 1419 174 1468 per
187 1405 278 1452 silvam
292 1410 317 1452 et
329 1404 411 1466 sparsi
425 1404 548 1452 rorabant
560 1404 687 1464 sanguine
699 1420 796 1467 vepres.

128 1507 242 1542 necnon
256 1492 427 1555 Tarquinium
441 1493 549 1540 eiectum
562 1492 696 1540 Porsenna
708 1493 813 1542 iubebat

42 1583 43 1586 ’
129 1582 247 1644 accipere
260 1581 410 1644 ingentique
424 1581 513 1629 urbem
526 1581 661 1629 obsidione
674 1583 815 1644 premebat,

128 1670 268 1718 Aeneadae
281 1670 307 1717 in
321 1670 417 1718 sermm
430 1684 476 1732 pro
490 1669 607 1718 libertate
620 1669 736 1718 ruebant.

129 1758 205 1806 illum
217 1758 363 1820 indignanti
377 1759 488 1807 similem
501 1759 664 1820 similemque
676 1759 786 1806 minanti

59 1851 110 1893 650
130 1847 266 1908 aspiceres,
281 1855 387 1909 pontem
401 1848 507 1895 auderet
520 1847 581 1909 quia
593 1847 687 1895 vellere
701 1846 795 1897 Cocles

130 1943 154 1983 et
166 1937 271 1983 fluvium
282 1937 374 1984 vinclis
387 1936 489 1984 innaret
502 1934 603 1984 Cloelia
616 1936 706 1998 ruptis.

129 2025 156 2071 in
170 2039 270 2072 summo
285 2033 369 2072 custos
383 2024 509 2087 Tarpeiae
522 2025 636 2073 Manlius
650 2026 715 2074 arcis

129 2113 214 2160 stabat
225 2129 272 2175 pro
286 2114 383 2175 templo
397 2121 423 2161 et
436 2112 567 2176 Capitolia
581 2116 649 2163 celsa
663 2115 767 2164 tenebat

130 2201 310 2264 Romuleoque
322 2217 411 2250 recens
425 2202 546 2251 horrebat
558 2204 629 2264 regia
642 2205 738 2252 culmo,

60 2295 110 2338 655
131 2298 208 2353 atque
220 2290 263 2339 hic
276 2291 372 2338 auratis
385 2291 496 2340 volitans
510 2301 646 2353 argenteus
660 2307 736 2341 anser

129 2379 270 2441 porticibus
284 2378 375 2428 Gallos
388 2380 415 2427 in
429 2380 518 2429 limine
531 2381 621 2429 adesse
634 2381 751 2440 canebat,

131 2465 201 2516 Galli
214 2483 260 2530 per
274 2469 365 2516 dumos
379 2469 487 2516 aderant
499 2484 636 2531 arcemque
649 2469 787 2526 tenebant„

130 2556 227 2603 dolensi
240 2557 351 2605 tenebris
365 2568 390 2606 ct
403 2559 476 2608 dono
491 2560 580 2610 noctis
593 2573 699 2623 opacae
707 2573 717 2603 ·.

113 2656 195 2689 aurea
207 2646 339 2695 caesaries
353 2648 418 2699 ollis
433 2658 520 2716 atque
534 2666 625 2702 aurea
636 2645 741 2701 vestim

849 2718 888 2776 A
