1816 2956
83 170 143 218 306
321 179 347 218 1³.
363 176 485 217 venenu
505 176 636 217 ursolus

152 336 252 385 saevior
264 336 333 383 intus
346 334 424 383 habet
436 335 533 392 sedem.
561 341 615 381 tum
629 335 752 383 Tartarus
767 336 822 399 ipse

152 424 191 472 bis
199 431 270 487 patet
281 424 308 470 in
321 437 445 487 praeceps
459 429 560 471 tantum
568 423 701 485 tenditque
714 424 761 470 sub
775 423 883 474 umbras

153 519 264 576 quantus
278 513 310 560 sd
324 512 466 561 aetherium
479 511 544 580 caeli
557 518 691 574 suspectus
705 510 856 576 Olympum.

83 606 133 650 580
153 601 196 650 hie
207 615 289 664 genus
303 600 418 650 anticum
430 600 534 658 Terrae,
550 600 655 649 Titania
669 600 758 663 pubes,

152 689 260 739 fulmine
274 689 365 739 deiecti
378 689 458 739 fundo
471 689 608 736 volvontur
619 688 647 736 in
659 689 722 737 imo.

152 779 195 828 hio
208 785 233 828 et
245 779 356 847 Aloidas
368 778 485 839 geminos
499 778 615 826 inmania
627 778 679 826 vidi

154 882 271 931 corpora,
288 867 331 930 qui
344 866 464 914 manibus
483 866 765 936 magnumyesoindere
778 869 882 918 eaelum

155 956 269 1020 adgressi
282 955 433 1019 superisque
444 955 532 1004 Iovem
546 955 680 1003 detrudere
693 957 788 1017 regnis.

84 1050 134 1093 585
153 1044 204 1092 vidi
218 1050 244 1093 et
256 1045 366 1093 erudelis
380 1045 485 1093 dantem
498 1043 639 1106 Salmonea
650 1059 758 1107 poenus,

153 1134 214 1181 dum
226 1133 343 1181 flammas
355 1133 423 1180 Iovis
437 1141 462 1181 et
474 1133 573 1180 sonitus
587 1133 701 1180 imitatur
714 1131 829 1197 Olympi.

153 1229 274 1286 quattuor
286 1221 329 1270 hio
341 1223 455 1270 invectus
468 1221 541 1285 equis
555 1227 580 1270 et
591 1222 714 1284 lampade
727 1237 854 1284 quassans

152 1325 198 1374 per
211 1309 319 1359 Graium
337 1311 448 1381 populos
467 1310 619 1372 mediaeque
631 1325 677 1373 per
688 1310 771 1359 Elidis
789 1312 882 1362 urbem

151 1400 206 1448 ibat
218 1414 296 1448 ovans
310 1399 446 1461 divomque
459 1399 507 1446 sibi
520 1399 644 1462 poscebat
656 1398 791 1460 bonorem,

83 1494 133 1537 590
153 1489 267 1548 demens,
283 1488 326 1550 qui
340 1488 442 1536 nimbos
455 1495 480 1536 et
492 1502 545 1534 non
558 1488 684 1536 imitabile
697 1488 796 1537 fulmen

152 1583 249 1640 uereet
261 1577 429 1640 cornipedum
442 1577 517 1638 pulsu
531 1577 665 1624 simularet
678 1591 813 1640 equorum.

152 1673 178 1714 at
190 1673 263 1730 pater
276 1666 439 1728 omnipotens
453 1665 533 1713 densa
546 1665 613 1713 inter
625 1665 715 1726 nubila
728 1666 809 1714 telum

151 1755 284 1813 contorsit,
300 1769 353 1802 non
367 1754 412 1802 ille
425 1754 493 1802 faces
506 1769 554 1802 neo
567 1754 653 1802 fumea
666 1754 747 1802 taedis

151 1844 258 1902 lumina,
274 1843 494 1906 praeeipitemque
506 1843 604 1890 inmani
619 1843 720 1890 turbiue
733 1843 830 1906 adegit.

81 1937 131 1981 595
152 1946 271 1981 necnon
291 1938 315 1980 et
334 1931 444 1994 Tityon,
472 1931 568 1980 Terrae
587 1932 773 1994 omniparentis
797 1933 884 1983 alum·

175 2000 178 2005 ‚
452 2034 523 2079 num,

151 2123 255 2158 cernere
268 2115 330 2167 erut,
346 2123 392 2171 per
404 2115 459 2159 totu
472 2124 564 2156 novem
578 2109 618 2156 eui
632 2109 722 2170 iugera
736 2124 832 2173 corpus

151 2197 291 2261 porrigitur
303 2204 438 2263 rostroque
450 2198 561 2247 inmanis
575 2198 659 2245 voltur
672 2197 774 2246 obunco

151 2287 289 2337 inmortale
301 2287 372 2337 ieeur
384 2287 493 2334 tondens
507 2286 669 2348 fecundaque
681 2286 772 2349 poenis

152 2375 250 2424 viscere
262 2374 421 2438 rimaturque
433 2375 516 2441 epulis
529 2375 680 2438 habitatque
693 2375 739 2422 sub
754 2375 808 2423 alto

84 2470 135 2513 600
154 2470 257 2527 pectore
270 2477 318 2511 neo
331 2463 401 2512 fibris
413 2464 515 2528 requies
529 2463 604 2511 datur
616 2464 672 2511 ulla
685 2464 790 2511 renatis.

154 2552 216 2615 quid
228 2566 369 2602 memorem
381 2552 506 2618 Lapithas
519 2551 612 2600 Ixiona
624 2552 841 2616 Pirithoumque?

146 2657 214 2706 quos
226 2622 307 2711 super
319 2647 376 2693 stra
388 2641 454 2690 silex
465 2640 519 2690 iam
530 2641 583 2690 iam
602 2641 707 2703 lapsura
725 2641 884 2706 cedentique
