1816 2956
61 192 121 240 268
298 203 325 240 r.
343 201 464 240 varietur
484 201 614 242 aaronis

129 374 176 421 pre
190 374 217 407 se
231 359 340 422 quisque
352 359 398 405 viri
413 367 438 407 et
451 360 605 422 depromunt
618 364 670 410 tela
683 360 819 424 pharetris.

130 448 265 510 primaque
278 462 324 510 per
337 449 438 496 eaelum
450 463 528 497 nervo
541 450 664 498 stridente
678 449 773 510 sagitta

131 537 285 598 Hyrtacidae
298 537 395 584 iuvenis
408 538 519 586 volueris
533 539 676 588 diverberat
688 554 763 587 auras

131 633 156 674 et
167 626 236 674 venit
248 625 401 688 adversique
414 625 530 687 infigitur
543 628 634 676 arbore
647 628 718 675 mali.

61 720 110 762 505
130 715 262 762 intremuit
274 714 357 761 malus
371 715 507 777 timuitque
520 717 641 765 exterrita
654 717 740 779 pinnis

130 804 184 852 ales
197 811 223 852 et
235 803 333 865 ingenti
346 813 488 852 sonuerunt
501 806 588 853 omnia
601 807 703 868 plausu.

131 899 190 955 pest
202 907 261 940 aeer
272 893 421 941 Mnestheus
435 895 548 942 adducto
563 895 676 942 constitit
690 910 760 952 areu,

132 982 184 1029 alta
197 989 294 1043 petens,
310 982 458 1043 pariterque
472 982 561 1030 oeulos
575 984 707 1044 telumque
721 984 838 1032 tetendit.

131 1077 172 1119 ast
182 1071 266 1132 ipsam
279 1070 440 1118 miserandus
455 1086 527 1118 avem
541 1073 690 1132 contingere
703 1072 770 1120 serro

62 1163 112 1206 510
131 1174 184 1206 non
197 1159 285 1218 valuit,
301 1161 383 1207 nodos
398 1167 423 1207 et
434 1161 537 1208 vincula
550 1161 619 1208 linea
632 1161 702 1222 rupit

132 1249 189 1311 quis
203 1249 299 1296 innexa
311 1250 403 1310 pedem
416 1250 485 1297 malo
499 1249 628 1310 pendebat
641 1250 672 1296 ab
687 1250 756 1308 alt03
774 1276 777 1281 -

132 1338 179 1385 illa
192 1345 267 1385 notos
280 1345 357 1400 atque
371 1346 427 1386 atra
439 1339 529 1386 volans
543 1338 569 1384 in
583 1337 673 1385 nubila
686 1338 760 1399 sugit.

131 1433 185 1475 tum
198 1427 312 1489 rapidus,
328 1427 470 1474 iandudum
484 1441 544 1474 areu
559 1434 679 1474 contenta
692 1434 783 1488 parato

132 1517 184 1564 tela
197 1523 295 1575 tenens,
311 1516 414 1564 fratrem
428 1515 552 1577 Eurytion
566 1516 593 1562 in
606 1524 666 1562 vota
678 1517 787 1574 vocavit,

63 1608 112 1652 515
132 1605 184 1651 iam
197 1620 278 1653 vacuo
292 1606 387 1652 laetam
401 1605 472 1652 eaelo
487 1605 641 1666 speculatus,
658 1611 682 1651 et
696 1605 743 1651 alis

132 1694 298 1757 plaudentem
312 1695 386 1755 nigra
400 1694 455 1754 figit
468 1694 513 1740 sub
528 1693 596 1740 nube
610 1693 765 1741 columbam.

133 1783 229 1830 decidit
242 1783 367 1830 exanimis
380 1783 510 1845 vitamque
524 1783 627 1843 reliquit
641 1782 666 1828 in
681 1783 754 1830 astris

134 1870 254 1918 aetheriis
268 1873 399 1934 fixamque
412 1872 489 1919 refert
502 1872 609 1933 delapsa
622 1871 752 1931 sagittam.

134 1961 229 2007 amissa
242 1961 311 2008 solus
325 1962 413 2025 palma
426 1960 565 2023 superabat
577 1961 683 2007 Acestes
695 1976 700 2017 3

65 2054 114 2096 520
135 2049 178 2111 qui
193 2056 278 2097 tamen
292 2051 374 2098 aerias
388 2051 467 2097 telum
482 2050 604 2097 contorsit
618 2050 642 2095 in
658 2064 741 2106 auras,

134 2145 264 2186 ostentans
279 2145 409 2200 artemque
423 2148 495 2201 pater
508 2154 647 2200 arcumque
661 2148 806 2186 sonantem.

134 2227 176 2274 hie
190 2227 271 2274 oeulis
285 2227 396 2274 subitum
411 2229 521 2275 obicitur
534 2242 681 2289 magnoque
695 2227 810 2274 futurum

135 2316 243 2377 augurio
257 2324 414 2374 monstrum3
436 2317 525 2364 docuit
537 2324 595 2378 post
608 2317 691 2363 exitus
705 2316 797 2376 ingens

135 2419 242 2467 seraque
256 2406 358 2452 terrifici
373 2406 520 2453 eeeinerunt
534 2407 621 2453 emina
634 2412 712 2452 vates.

66 2501 114 2544 525
135 2510 247 2557 namque
260 2495 350 2542 volans
364 2495 468 2557 liquidis
482 2496 508 2541 in
522 2494 632 2541 nubibus
647 2493 709 2540 arsit
721 2493 842 2541 harundo

135 2585 296 2646 signavitque
311 2584 378 2632 viam
391 2583 500 2631 flammis
515 2584 650 2645 tenuisque
664 2583 770 2630 recessit

123 2674 325 2740 consumptam
340 2680 439 2736 ventos,
456 2674 530 2724 eaelo
545 2687 593 2722 eeu
603 2686 681 2734 saepe
694 2671 774 2720 refixa
