1816 2956
357 191 477 232 ECLOGA
491 193 522 231 n.

59 355 92 398 50
112 350 204 398 mollia
216 350 314 398 luteola
325 349 410 412 pingit
422 349 539 397 vaccinia
552 348 645 396 caltha.

112 439 167 501 ipse
180 453 228 499 ego
242 453 308 486 cana
321 439 406 500 legam
420 445 508 486 tenera
520 438 644 498 lanugine
656 438 726 485 mala

112 535 298 589 castaneasque
315 541 393 575 nuces
409 541 467 575 mea
480 541 544 588 quas
558 526 698 588 Amaryllis
718 525 837 586 arnabat;

112 617 207 664 addam
225 630 300 664 cerea
318 630 416 677 pruna,
442 624 468 663 et
485 614 568 663 honos
588 615 636 663 erit
655 615 715 663 huic
734 628 838 678 quoqne

413 717 507 766 pomo;

111 800 138 842 et
149 806 202 851 vos,
218 808 233 839 o
248 792 323 849 lauri,
340 806 443 854 carpam
456 799 481 840 et
494 800 528 851 te,
543 807 670 855 proxuma
682 800 773 855 myrto,

59 887 92 931 ⁵5
111 882 150 930 sic
162 882 261 944 positae
274 881 398 943 quonium
410 881 495 928 suavis
509 881 621 928 miscetis
634 882 736 930 odores.

111 970 222 1018 rusticus
236 984 271 1027 es,
288 968 425 1031 Corydon:
447 984 495 1017 nec
509 985 616 1018 munera
629 977 702 1018 curat
715 970 815 1029 Alexis,

111 1073 168 1116 nec,
183 1058 205 1105 si
218 1057 366 1106 muneribus
380 1065 470 1117 certes,
486 1059 611 1106 concedat
623 1058 711 1106 Iollas.

111 1146 236 1204 heuheu,
251 1147 313 1208 quid
326 1146 396 1194 volni
409 1147 502 1194 misero
515 1146 595 1194 mihi?
608 1147 713 1194 floribus
724 1155 838 1195 anstrum

111 1235 226 1297 perditus
240 1242 265 1284 et
277 1235 382 1297 liquidis
396 1235 483 1282 inmisi
497 1234 609 1283 fontibus
622 1249 708 1297 apros.

58 1327 90 1371 60
111 1338 189 1386 quem
209 1323 291 1385 fugis,
314 1339 343 1382 a,
367 1323 489 1372 demens?
520 1323 670 1371 habitarunt
689 1325 714 1372 di
735 1339 838 1387 quoque

411 1412 488 1460 silvas

109 1499 310 1562 Dardaniusque
323 1501 406 1549 Paris.
445 1501 531 1549 Pallas
549 1516 613 1564 quus
627 1502 743 1550 condidit
755 1516 826 1549 arcos

109 1588 167 1650 ipsa
180 1589 264 1636 colat:
285 1589 359 1637 nobis
372 1590 493 1652 placeant
505 1597 564 1639 aute
578 1591 665 1638 omnio
678 1591 765 1638 silvae.

110 1684 183 1724 torva
194 1678 286 1726 leaena
299 1679 389 1741 lupum
402 1680 525 1742 sequitur,
541 1679 616 1741 lupus
630 1679 685 1741 ipse
697 1679 833 1742 cupellam,

109 1765 243 1814 florentem
257 1767 364 1828 cytisum
378 1768 493 1829 sequitur
506 1769 601 1816 lasciva
614 1768 723 1829 capella,

57 1859 90 1902 65
111 1860 135 1902 te
144 1852 276 1916 Corydon,
291 1856 406 1915 oAlexi3
420 1856 499 1904 trahit
508 1872 556 1905 sua
568 1871 696 1918 quemque
707 1857 833 1918 voluptas.

109 1942 205 2004 aspice,
221 1951 305 1991 aratra
317 1945 379 2005 iugo
393 1945 506 1993 referunt
518 1960 643 2008 suspensa
655 1946 755 1994 iuvenci

108 2038 135 2078 et
147 2031 186 2078 sol
201 2032 336 2079 crescentis
350 2033 475 2081 decedens
490 2034 604 2096 duplicat
616 2035 733 2082 umbras:

109 2134 150 2168 me
158 2128 243 2167 tumen
251 2120 302 2167 urit
313 2135 402 2180 am0r;
417 2123 475 2184 quis
487 2123 556 2170 enim
565 2124 657 2170 modus
665 2124 836 2171 adsitamoril

108 2224 133 2269 a,
150 2207 281 2270 Corydon,
299 2208 430 2271 Corydon,
446 2226 512 2273 quae
526 2218 551 2259 te
564 2212 692 2260 dementia
706 2213 789 2276 cepit?

57 2303 89 2346 70
108 2297 264 2360 semiputata
276 2298 321 2345 tibi
335 2299 459 2348 frondosa
472 2301 528 2348 vitis
542 2300 569 2348 in
582 2302 685 2349 ulmost.

108 2385 207 2448 quintu
215 2386 313 2448 aliquid
321 2388 412 2435 saltem
423 2390 517 2450 potius,
533 2404 642 2451 quorum
654 2391 753 2451 indiget
763 2404 834 2449 usus,

107 2473 246 2523 viminibus
259 2475 384 2538 mollique
396 2492 471 2540 paras
485 2478 603 2526 detexere
616 2477 712 2525 iunco?

107 2562 223 2610 invenies
236 2563 325 2621 alium,
341 2565 360 2611 si
375 2572 400 2613 te
413 2565 455 2614 hic
468 2566 574 2626 fastidit,
590 2558 713 2615 Alexim'

360 2696 455 2707 *una-.-
460 2702 516 2711 ·.—-
