1816 2956
302 210 448 250 nabarros
473 211 559 249 LIBER
577 212 618 250 1x.
795 202 853 248 407

131 369 192 415 dant
205 368 317 414 sonitum
330 368 399 415 flictu
413 368 512 428 galeae,
528 382 616 429 pugna
629 382 721 429 aspera
735 367 824 428 surgit,

60 462 109 504 665
131 465 241 519 quantus
255 455 286 504 ab
301 471 394 503 occasu
408 455 511 502 veniens
525 456 682 517 pluvialibus
697 456 786 504 haedis

130 545 245 592 verberat
270 543 352 591 imber
376 543 497 601 humum,
526 558 603 606 quam
628 546 710 593 multa
731 545 858 606 grandine

431 631 512 679 nimbi

130 720 155 767 in
170 722 236 768 vada
248 720 427 783 praecipitant,
443 721 624 784 cuquppiter
638 722 756 769 horridus
766 723 857 769 austris

130 816 232 870 torquet
255 824 380 871 aquosam
405 808 516 857 hiemem
541 817 566 858 et
591 811 663 858 caelo
689 825 751 858 cava
769 811 859 858 nubila

432 898 535 960 rumpit.

164 985 298 1031 Pandarus
313 992 337 1033 et
349 986 439 1044 Bitias,
455 986 534 1033 Idaeo
548 986 678 1035 Alcanore
692 987 761 1044 creti,

61 1076 110 1120 670
130 1087 194 1134 quos
207 1073 275 1121 Iovis
289 1075 378 1121 eduxit
391 1075 450 1122 luco
464 1075 585 1122 silvestris
599 1075 680 1134 Iaera,

130 1160 255 1209 abietibus
269 1162 373 1210 iuvenes
386 1163 475 1225 patriis
489 1170 515 1211 et
526 1164 657 1211 montibus
671 1179 776 1226 aequos,
824 1205 825 1208 ,

77 1290 79 1293 .
129 1259 231 1312 portam
245 1266 311 1313 quae
325 1252 397 1299 ducis
411 1252 519 1314 imperio
533 1253 671 1300 commissa
683 1253 828 1311 recludunt,

129 1337 186 1386 freti
200 1340 286 1398 armis,
303 1341 423 1403 ultroque
436 1341 545 1389 invitant
557 1341 692 1389 moenibus
706 1342 815 1389 hostem.

129 1427 177 1490 ipsi
191 1428 259 1476 intus
274 1429 365 1477 dextra
378 1445 408 1478 ac
421 1430 495 1478 laeva
507 1444 554 1492 pro
568 1429 679 1477 turribus
693 1431 805 1488 adstant,

59 1519 109 1564 675
130 1518 221 1564 armati
235 1518 302 1566 ferro
317 1525 342 1566 et
355 1519 437 1566 cristis
452 1518 536 1580 capita
549 1519 602 1566 alta
616 1519 725 1577 corusci,

129 1607 218 1667 quales
232 1607 317 1654 aeriae
331 1607 458 1668 liquentia
470 1607 576 1654 flumina
590 1608 695 1665 circum,

127 1693 179 1741 sire
192 1695 256 1741 Padi
270 1696 342 1757 ripis,
359 1696 477 1743 Athesim
490 1711 534 1743 seu
548 1702 653 1758 propter
666 1709 813 1752 amoenum,

128 1791 287 1843 consurgunt
299 1784 418 1845 geminae
431 1799 539 1845 quercus
554 1785 708 1846 intonsaque
722 1783 794 1832 caelo

128 1870 251 1917 attollunt
264 1872 349 1932 capitu
363 1878 388 1918 et
400 1871 503 1918 sublimi
517 1873 610 1920 vortice
623 1880 725 1920 nutant.

57 1962 108 2004 680
128 1957 286 2020 inrumpunt,
304 1959 387 2004 aditus
401 1957 489 2006 Rutuli
504 1968 531 2006 ut
544 1960 629 2008 videre
643 1961 762 2023 patentis.

128 2046 251 2094 continuo
266 2045 397 2105 Quercens
411 2055 435 2094 et
447 2047 555 2108 pulcher
568 2048 712 2110 Aquicolus
726 2049 803 2096 armis

128 2143 153 2182 et
166 2149 289 2197 praeceps
303 2135 381 2182 animi
395 2135 482 2182 Marus
497 2143 521 2184 et
533 2137 674 2184 Mavortius
688 2137 807 2186 Haemon

129 2223 274 2286 agminibus
288 2224 348 2272 totis
362 2231 406 2271 aut
419 2225 482 2272 versi
497 2232 570 2288 terga
582 2226 675 2276 dedere

130 2323 173 2361 aut
186 2315 242 2376 ipso
256 2321 345 2377 portae
358 2330 466 2377 posuere
478 2316 506 2364 in
519 2317 607 2366 limine
620 2319 707 2367 vitam.

60 2407 108 2449 685
129 2410 183 2449 tum
197 2403 279 2464 magis
293 2404 439 2452 increscunt
452 2406 543 2454 animis
558 2407 719 2456 discordibus
733 2409 785 2456 irae

130 2499 154 2538 et
167 2492 217 2538 iarn
232 2493 334 2541 collecti
348 2493 428 2541 Troes
442 2495 621 2556 glomerantur
634 2497 729 2544 eodem

129 2586 153 2626 ct
166 2580 281 2628 conferre
292 2597 398 2632 manum
413 2592 439 2634 ot
452 2601 613 2651 procurrere
624 2585 743 2645 longius
755 2579 876 2626 auhsau.

147 2665 262 2718 Ductori
277 2671 377 2736 Turno,
397 2677 511 2729 diversa
524 2680 554 2728 in
570 2683 656 2742 parte
669 2666 782 2720 lurensi
