1816 2956
73 194 133 242 336
311 203 337 243 r.
355 202 476 241 vunorm
496 201 626 242 nunonis

142 363 202 410 hine
221 368 299 422 atque
318 360 379 408 hinc
399 373 553 422 omnemque
565 360 664 408 abitum
677 363 789 411 custode
802 378 872 412 eoro-

441 455 513 495 naut.

142 538 208 586 silve
221 537 269 585 snit
282 537 333 584 lete
346 536 430 584 dumis
443 544 521 598 etque
533 537 593 585 ilice
606 536 681 598 nigra

71 632 123 676 380
142 626 257 684 horride,
272 640 351 688 quem
363 625 437 673 (lensi
451 626 603 688 conplerent
615 625 732 688 undique
745 635 848 688 sentes3

142 731 201 763 rare
214 729 259 778 per
272 714 388 763 occultos
402 713 504 760 lucebat
516 714 608 762 semite
620 714 709 762 celles.

141 803 282 866 Euryalum
295 802 415 850 tenebrae
427 816 557 849 ramorum
571 815 734 865 onerosaque
747 806 847 867 praede

141 892 277 955 inpediunt
289 891 408 952 fallitque
420 891 498 938 timor
509 890 615 951 regione
628 890 737 939 viarum.

141 981 217 1030 Nisus
231 979 292 1028 abit.
320 980 424 1041 iamque
436 979 577 1041 inprudens
591 987 707 1027 evaserat
720 979 805 1030 hostis

71 1076 122 1119 385
142 1085 173 1118 oe
186 1070 259 1117 lucos
272 1069 315 1131 qui
329 1075 389 1131 post
400 1068 484 1115 Albae
498 1067 529 1115 de
542 1067 647 1114 nomine
661 1067 724 1116 dicti

142 1157 247 1216 Albani,
263 1165 317 1205 tum
330 1171 375 1205 rex
387 1155 491 1204 stabulo
503 1156 556 1203 alte
567 1154 677 1203 Latinus
690 1155 822 1208 habebat:

142 1255 172 1295 ut
182 1247 253 1295 stetit
264 1254 290 1294 et
303 1246 397 1293 frustra
409 1244 542 1292 absentem
555 1244 667 1306 respexit
679 1245 806 1306 amioum,

139 1326 262 1398 ‘Euryale
274 1335 373 1392 infelix,
389 1348 441 1396 que
455 1340 479 1380 te
491 1333 597 1394 regione
610 1333 724 1395 reliqui?

143 1437 224 1488 queve
238 1438 344 1486 sequar,
364 1436 449 1469 rursus
469 1421 621 1483 perplexum
638 1420 687 1468 iter
701 1436 781 1472 omne
794 1425 873 1474 revol-

442 1524 504 1557 vens

71 1609 122 1652 390
142 1602 242 1650 fallacis
256 1591 360 1649 silvnei’
378 1599 455 1647 simul
468 1607 494 1646 et
506 1597 613 1658 vestigio
626 1604 694 1644 retro

142 1692 277 1739 observate
289 1689 353 1750 legit
365 1688 501 1749 dumisque
514 1686 648 1734 silentibus
662 1694 739 1733 errat.

142 1781 214 1829 audit
226 1793 316 1841 equos,
332 1776 404 1824 audit
416 1775 535 1837 strepitus
550 1784 574 1823 et
587 1775 662 1835 signa
675 1785 844 1836 sequentum.

140 1885 188 1918 nec
202 1870 309 1929 longum
322 1866 348 1913 in
362 1865 446 1912 medio
461 1872 570 1926 tempus,
586 1863 753 1911 cumolamor
762 1868 797 1914 nd
807 1867 872 1914 nuris

141 1957 256 2022 pervenit
279 1971 310 2003 ao
334 1954 403 2002 videt
419 1952 575 2014 Euryalum,
603 1965 681 2012 quem
707 1952 761 2000 iem
783 1969 872 2004 rnnuus

443 2041 536 2097 omnis,

70 2141 120 2184 395
141 2134 230 2183 fraude
244 2133 295 2180 loci
308 2140 334 2180 et
345 2131 437 2188 noctis,
452 2129 537 2177 subito
551 2126 669 2175 turbante
683 2130 810 2190 tumultu,

141 2237 292 2286 oppressum
304 2221 373 2282 rupit
386 2227 410 2267 et
424 2226 560 2266 conantem
573 2217 686 2278 plurime
699 2216 807 2267 frustra.

142 2311 203 2374 quid
217 2308 313 2358 societ?
333 2323 385 2371 que
397 2308 419 2354 vi
433 2308 559 2363 iuvenem,
576 2305 668 2372 quibus
683 2306 783 2354 audent
797 2309 873 2357 armis

141 2399 255 2463 eripere?
268 2412 301 2445 en
315 2412 370 2446 sese
383 2397 481 2444 medios
494 2395 633 2442 moriturus
647 2394 673 2439 in
686 2393 777 2443 hostes

134 2490 232 2541 inferat
244 2498 270 2540 et
283 2487 422 2556 pulchrum
433 2491 555 2549 properet
566 2497 612 2544 per
624 2482 731 2529 volnera
744 2483 873 2534 mortoml

45 2588 103 2632 400
125 2585 204 2636 ocius
219 2586 341 2637 adducto
357 2591 488 2646 torquens
497 2570 718 2622 luminelumine„

112 2682 278 2748 suspiciens
296 2682 390 2734 altam
401 2675 527 2725 Lunam,
543 2660 584 2708 sie
594 2667 662 2703 unse
671 2657 806 2713 presumi.
