1816 2956
285 157 455 245 sponsatos
473 205 560 245 alasa
578 205 599 244 1.

113 370 139 414 at
151 364 173 412 si
185 377 239 411 non
252 362 329 410 fuerit
341 361 416 411 tellus
430 362 549 421 fecunda,
565 362 612 410 sub
625 363 709 425 ipsum

112 460 244 502 arcturum
256 451 327 500 tenni
339 458 380 500 sat
392 452 440 500 erit
452 452 608 517 suspendere
621 450 707 500 sulco:
767 460 771 477 ¹

111 542 174 601 illic,
191 541 307 590 officiant
319 540 393 589 laetis
407 554 439 589 ne
452 539 568 602 frugibus
581 540 686 599 herbae,

59 636 91 679 70
112 631 163 689 hic,
179 630 292 679 sterilem
305 629 417 690 exiguus
427 643 459 678 ne
473 630 574 678 deserat
586 643 662 676 umor
674 628 808 678 harenam.

146 719 260 767 Alternis
273 718 343 767 idem
355 725 443 766 tonsas
456 730 556 766 cessare
568 718 673 766 novales

111 814 136 856 et
149 822 254 870 segnem
266 807 364 870 patiere
376 807 427 855 situ
440 806 573 854 durescere
586 821 720 869 campum:

111 902 156 944 aut
168 896 204 944 ibi
216 896 283 945 flava
295 910 362 945 seres
375 901 474 943 mutato
487 895 570 944 sidere
583 895 660 954 farra,

110 985 256 1047 undeprius
269 984 366 1033 laetum
378 984 474 1048 siliqua
487 991 625 1047 quassante
638 984 759 1046 legumen

57 1077 89 1121 75
111 1079 156 1121 aut
167 1073 250 1122 tenuis
264 1073 329 1121 fetus
342 1071 423 1122 viciae
436 1073 566 1135 tristisque
579 1072 661 1135 lupini

109 1163 243 1210 sustuleris
256 1162 355 1224 fragilis
370 1163 483 1211 calamos
496 1161 639 1223 silvamque
652 1167 796 1209 sonantem,

111 1250 162 1298 urit
174 1250 244 1299 enim
256 1251 303 1298 lini
317 1265 438 1313 campum
451 1265 533 1312 seges,
548 1250 600 1297 urit
612 1263 717 1309 avenae,

110 1345 188 1386 urunt
200 1339 314 1389 Lethaeo
327 1339 432 1402 perfusa
444 1353 573 1401 papavera
585 1352 693 1386 somno:

110 1427 155 1476 sed
168 1434 255 1476 tamen
268 1428 373 1476 alternis
387 1427 470 1476 facilis
483 1427 566 1486 labor,
582 1427 655 1476 arida
668 1434 768 1476 tantum

57 1519 91 1562 80
111 1530 144 1565 ne
157 1523 273 1566 saturare
285 1517 346 1565 flmo
359 1515 450 1580 pingui
463 1516 559 1579 pudeat
571 1516 628 1564 sola
640 1531 703 1565 neve

111 1604 200 1652 effetos
214 1605 325 1654 cinerem
337 1606 491 1653 inmundum
504 1605 599 1654 iactare
611 1620 658 1668 per
670 1620 755 1667 agros,

110 1692 147 1741 sic
160 1709 264 1757 quoque
276 1696 380 1743 mutatis
393 1695 557 1757 requiescunt
570 1694 663 1742 fetibus
677 1709 746 1753 arva,

109 1795 158 1830 nec
170 1783 243 1832 nulla
254 1784 354 1832 interea
366 1790 404 1832 est
416 1784 531 1831 inaratae
544 1783 628 1849 gratia
641 1789 731 1832 terrae.

109 1885 186 1933 saepe
199 1872 277 1920 etiam
289 1872 387 1920 steriles
400 1871 538 1920 incendere
550 1872 648 1934 profuit
661 1888 745 1935 agros

56 1964 88 2006 85
110 1965 187 2022 atque
201 1961 281 2009 levem
294 1961 416 2024 stipulam
430 1960 613 2023 crepitantibus
625 1975 698 2009 urere
709 1962 818 2010 flammis
829 1980 835 2023 3

109 2048 161 2096 sive
174 2049 234 2097 inde
247 2050 362 2098 occultas
374 2049 434 2097 viris
448 2055 474 2098 et
485 2049 582 2112 pabula
595 2056 676 2098 terrae

108 2137 217 2199 pinguia
229 2137 387 2200 concipiunt,
403 2137 455 2185 sive
468 2138 520 2185 illis
533 2150 610 2186 cmn'e
622 2153 668 2201 per
679 2138 767 2201 ignem

109 2225 263 2288 excoquitur
274 2226 364 2273 vitium
377 2232 454 2289 atque
468 2227 563 2275 exudat
576 2227 674 2274 inutilis
688 2242 771 2288 umor,

108 2328 152 2361 seu
166 2313 247 2376 pluris
261 2313 333 2361 calor
344 2314 389 2362 ille
401 2315 455 2362 vias
469 2321 493 2362 et
506 2329 583 2362 caeca
596 2315 696 2363 relaxat

54 2407 87 2450 90
107 2402 274 2465 spiramenta,
289 2416 369 2449 novas
382 2402 468 2450 veniat
480 2417 532 2464 qua
544 2417 620 2450 sucus
633 2404 659 2450 in
673 2403 774 2462 herbas,

107 2505 153 2538 seu
166 2490 242 2536 durat
252 2489 336 2550 magis
349 2497 375 2538 et
388 2505 463 2541 venas
477 2492 622 2558 adstringit
631 2493 748 2554 biantis,

93 2588 128 2618 nc
140 2581 228 2620 tennes
236 2577 344 2637 pluviae
356 2583 484 2646 rapidive
497 2588 630 2653 potentia
643 2588 715 2639 gaxis

77 2656 338 2718 ⁸01⁷'0f811ffloreae
350 2681 539 2736 penetrabile
555 2683 655 2750 frigus
669 2679 792 2732 adurat.
