1816 2956
274 203 423 244 sunnroos
443 205 532 242 urana>
547 205 587 243 rr.
767 194 831 242 283

103 363 189 421 odere,
204 362 298 410 infensi
312 362 399 424 Tyrii3
420 368 444 409 te
457 368 561 425 propter
574 362 683 409 eundem

103 452 231 501 extinctus
244 451 329 514 pudor
342 457 366 499 et
379 466 431 513 qua
443 452 500 498 sola
513 451 597 498 sidera
610 449 714 497 adibam

102 540 173 589 sama
185 539 265 603 prior.
293 541 333 589 cui
348 555 389 588 me
402 539 584 588 moribundam
598 539 702 599 deseris,
718 539 834 603 hospes?

102 630 154 678 hoc
167 629 253 677 solum
265 643 361 677 nomen
375 629 500 691 quoniam
513 629 545 676 de
559 629 670 690 coniuge
683 635 769 677 restat.

51 724 83 768 25
104 718 166 782 quid
193 717 299 765 moror?
325 731 358 765 an
380 731 438 765 mea
462 716 616 778 Pygmalion
639 717 700 764 dum
728 717 835 767 moenia

404 805 482 853 frater

103 895 218 945 destruat
231 902 276 943 aut
288 900 390 957 captam
404 889 482 942 ducat
495 892 619 942 Gaetulus
633 893 740 942 Iarbas?

102 985 195 1034 saltem
208 984 284 1046 siqua
296 983 359 1030 mihi
374 984 405 1031 de
418 990 442 1030 te
456 990 576 1045 suscepta
588 983 679 1031 fuisset

103 1081 163 1122 ante
176 1073 265 1135 fugam
278 1072 392 1130 suboles,
408 1071 488 1133 siquis
502 1071 564 1119 mihi
578 1073 699 1134 parvolus
713 1074 774 1122 aula

102 1162 203 1212 luderet
216 1163 318 1210 Aeneas
333 1161 376 1223 qui
390 1167 514 1208 tatamen
528 1174 572 1209 ore
586 1162 698 1222 referret,

51 1258 83 1303 30
102 1266 156 1300 non
170 1251 290 1314 equidem
303 1250 409 1297 omnino
423 1256 499 1312 capta
512 1265 542 1298 ac
556 1251 656 1298 deserta
669 1243 787 1300 viderer.’

137 1340 256 1388 Dixerat.
284 1340 329 1387 ille
341 1338 410 1386 loris
422 1339 527 1386 monitis
541 1339 640 1387 inmota
652 1340 756 1389 tenebat

102 1430 202 1478 lumina
215 1435 240 1477 et
252 1428 363 1476 obnixus
377 1441 465 1476 curam
478 1427 525 1475 sub
540 1429 617 1475 corde
629 1429 770 1492 premebat.

102 1519 207 1567 tandem
219 1532 304 1581 pauca
315 1517 399 1565 refert.
424 1507 484 1578 ‘ego
502 1524 526 1565 te
544 1531 610 1579 quae
627 1519 739 1580 plurima
751 1519 834 1567 fando

101 1621 252 1657 enumerare
265 1606 334 1654 vales
348 1620 499 1668 numquam,
515 1606 614 1667 regina,
629 1607 731 1668 negabo

51 1703 81 1747 35
101 1696 267 1760 promeritam
281 1710 328 1743 nec
341 1709 382 1742 me
395 1695 542 1743 meminisse
555 1695 654 1758 pigebit
665 1696 766 1746 Elissae

103 1787 164 1834 dam
171 1799 272 1833 memor
284 1785 339 1847 ipse
352 1783 412 1842 mei,
428 1783 601 1846 dumspirltus
616 1785 662 1832 hos
670 1785 736 1847 regit
749 1793 831 1834 artus..

100 1889 148 1938 pro
161 1889 188 1922 re
201 1888 286 1937 pauca
299 1874 400 1935 loquar.
430 1887 515 1934 neque
528 1887 576 1934 ego
590 1873 658 1923 hanc
671 1874 834 1924 abscondere

403 1960 471 2008 furto

101 2051 200 2115 speravi
214 2050 259 2114 (ne
272 2050 352 2114 finge)
366 2050 455 2111 lugam
468 2063 516 2098 nec
529 2051 647 2112 coniugis
659 2066 784 2114 umquam

101 2141 235 2204 praetendi
248 2141 336 2188 taedas
351 2146 395 2187 aut
408 2139 472 2187 haec
485 2139 512 2186 in
525 2139 630 2187 foedera
641 2140 709 2188 veni.

51 2235 80 2279 to
100 2242 141 2278 me
154 2229 175 2277 si
188 2229 242 2277 fata
254 2229 317 2277 meis
331 2235 479 2292 paterentur
498 2228 590 2276 ducere
602 2228 682 2277 vitam

99 2318 221 2381 auspiciis
235 2325 260 2366 et
272 2325 363 2380 sponte
376 2331 434 2365 mea
447 2331 594 2380 conponere
608 2332 691 2376 curas,

99 2407 189 2455 urbem
202 2406 344 2454 Troianam
357 2406 469 2469 primum
483 2407 617 2470 dulcisque
630 2422 747 2455 meorum

99 2497 221 2558 reliquias
236 2496 356 2553 colerem,
372 2495 468 2542 Priami
482 2502 549 2544 tecta
563 2496 616 2543 alta
629 2504 767 2545 manerent

99 2591 125 2634 et
137 2584 249 2632 recidiva
263 2599 341 2631 manu
354 2583 498 2646 posuissem
511 2585 638 2646 Pergama
650 2584 732 2636 victis.

51 2679 78 2724 rt
99 2674 144 2723 sad
158 2688 227 2721 nunc
238 2672 341 2720 Italiam
355 2687 480 2734 magnam
494 2667 617 2739 Gryneus
634 2674 752 2736 Apollo,
