1816 2956
106 190 167 238 212
345 199 371 237 P.
390 198 512 237 vnaomr
529 197 660 237 unacum

175 357 258 404 turriti
272 355 372 417 scopuli
385 355 530 417 refugitque
543 354 575 401 ab
589 354 665 402 litore
677 355 810 417 templum.

175 451 297 507 quattuor
315 443 373 502 hic,
399 443 511 506 primum
530 457 620 501 omen,
641 458 721 505 equos
741 444 766 491 in
786 445 868 505 grami

475 532 536 590 vidi,

174 622 309 670 tondentes
323 636 444 683 campum
456 621 516 679 late,
533 620 645 669 candore
659 621 747 668 nivali.

175 718 200 759 ct
212 710 418 773 paterAnchises
431 709 546 767 ‘bellum‚
563 724 578 756 o
592 716 659 756 terra
672 709 783 771 hospita,
799 717 871 772 porta

104 805 155 848 540
175 799 245 848 bello
263 806 395 848 armantur
419 798 493 861 equi,
520 797 618 846 bellum
637 797 701 845 haec
721 805 871 847 armentar]

416 896 418 900 '
476 894 579 934 uantur.

175 977 219 1026 sed
233 984 320 1026 tamen
333 977 402 1024 idem
415 976 478 1024 olim
491 990 567 1024 curru
580 975 717 1023 succedere
731 976 795 1022 sueti

175 1066 355 1128 quadrupedes
368 1073 393 1113 et
405 1064 478 1113 frena
490 1065 552 1126 iugo
566 1065 707 1112 concordia
720 1064 800 1112 serre:

175 1169 232 1218 spes
246 1163 271 1202 et
283 1146 362 1216 pacis'
376 1154 420 1201 ait.
448 1161 502 1200 tum
516 1153 624 1200 numina
636 1160 725 1200 sancta
739 1168 871 1214 precamur

174 1243 289 1291 Palladis
303 1242 457 1300 armisonae,
474 1257 540 1304 quae
553 1242 636 1304 prima
650 1241 749 1304 accepit
761 1242 871 1300 ovantis,

105 1337 155 1380 545
175 1339 200 1380 et
213 1331 299 1393 capita
312 1337 370 1379 ante
384 1344 440 1377 aras
453 1330 567 1392 Phrygio
580 1331 695 1378 velamur
710 1330 821 1387 amictn3

175 1419 370 1482 praeceptisque
383 1418 484 1478 Heleni,
501 1420 607 1467 dederat
619 1434 686 1481 quae
699 1419 821 1477 maxima,
837 1420 871 1466 rit

174 1506 269 1556 Iunoni
282 1508 395 1569 Argivae
408 1508 491 1555 iussos
505 1508 639 1556 adolemus
653 1508 773 1555 honores.

175 1597 244 1645 haud
258 1611 340 1655 mora,
356 1597 478 1645 continuo
492 1595 610 1658 perfectis
625 1597 714 1644 ordine
727 1596 792 1643 votis

175 1700 272 1734 cornua
284 1685 426 1732 velatarum
440 1685 594 1733 obvertimus
609 1692 778 1733 antennarum

104 1779 155 1824 550
175 1773 404 1836 Graiugenumque
436 1775 526 1822 domos
558 1783 728 1836 suspectaque
759 1774 871 1835 linquim

477 1878 545 1910 arva.

174 1952 234 2000 hinc
248 1953 319 1999 sinus
332 1951 462 2011 Herculei,
478 1953 499 1999 si
512 1966 573 1999 vera
586 1958 624 1999 cst
636 1951 713 2009 fama,
729 1951 837 2000 Tarenti

175 2040 302 2100 cernitur3
323 2042 419 2089 attollit
431 2056 458 2089 sc
471 2041 530 2088 diva
543 2040 652 2088 Lacinia
665 2048 755 2088 contra

176 2127 352 2192 Caulonisque
366 2144 436 2177 arces
450 2137 475 2177 ct
488 2130 649 2190 navifragum
662 2128 824 2190 Scylaceum.

175 2225 229 2266 tum
241 2219 332 2280 procul
345 2233 359 2266 e
371 2219 450 2267 fluctu
464 2219 600 2266 Trinacria
613 2218 726 2265 cernitur
739 2219 826 2265 Aetna

104 2312 154 2356 555
175 2314 201 2356 et
212 2307 337 2369 gemitum
350 2305 482 2369 ing'entem
494 2308 581 2369 pelagi
594 2308 748 2369 pulsataque
761 2322 827 2354 saxa

175 2397 293 2445 audimus
306 2398 385 2458 longe
397 2396 544 2458 fractasque
558 2397 589 2443 ad
605 2396 681 2443 litora
693 2410 767 2443 voces

176 2487 344 2547 exultantque
356 2484 423 2532 vada
436 2492 513 2546 atque
526 2491 598 2532 aestu
617 2485 758 2531 miscentur
776 2485 871 2534 harena

176 2582 201 2623 et
213 2582 286 2637 pater
297 2573 424 2622 Anchises
435 2563 567 2620 ‘nimirum
581 2573 645 2620 haec
658 2573 705 2620 illa
719 2572 867 2636 Charybdis

164 2662 217 2711 hos
223 2663 344 2713 Helenus
352 2661 485 2727 scopulos,
497 2662 632 2711 haecsaxa
644 2662 773 2710 horrenda
782 2664 871 2712 caneb=
