1816 2956
285 147 432 187 scabinos
451 148 536 186 LIBER
553 149 596 187 xl.

114 306 244 367 praefatus
258 306 328 352 diros
342 305 409 352 solio
422 319 467 351 rex
481 305 536 351 infit
549 305 581 352 ab
595 305 657 352 alto.

145 383 225 441 ‘Ante
239 394 357 455 equidem
371 408 472 440 summa
486 394 517 440 de
530 407 557 440 re
570 394 698 451 statuisse,
714 392 810 452 Latini,

114 489 139 530 et
150 482 242 530 vellem
256 489 280 530 et
293 482 375 529 fuerat
388 481 488 538 melius,
504 495 557 528 non
571 489 686 544 temporo
699 482 745 530 tali

115 586 206 632 cogere
220 570 367 627 concilium,
383 585 441 616 cum
455 583 542 616 muros
555 569 656 617 adsidet
669 569 760 619 hostia.

43 665 94 708 305
115 659 211 707 bellurn
224 659 399 721 inportunum,
417 658 492 717 cives,
508 664 655 719 cumgente
669 658 775 706 deorum

114 746 266 808 invictisque
278 746 338 793 viris
351 746 473 807 gerimus,
489 760 554 809 quos
567 746 640 793 nulla
652 745 763 807 fatigant
791 738 793 742 ’

114 834 213 896 proelia
227 849 274 882 nec
287 835 346 881 victi
359 841 467 896 possunt
480 834 603 882 absistere
615 833 692 882 ferro.

114 936 186 983 spem
204 923 305 984 siquam
319 923 422 970 adscitis
435 923 558 970 Aetolum
575 922 700 970 habuistis
714 922 740 969 in
753 922 841 980 armis,

114 1010 211 1071 ponite.
238 1025 296 1072 spes
310 1010 357 1058 sibi
372 1011 490 1072 quisque.
517 1012 561 1059 sed
572 1012 636 1059 haec
648 1016 844 1073 quamangusta

416 1098 515 1146 videtis.

44 1191 96 1234 310
116 1193 199 1234 cetera
213 1202 264 1248 qna
277 1201 362 1234 rerum
375 1186 478 1235 iaceant
489 1187 608 1249 perculsa
620 1187 704 1246 ruina,

116 1281 174 1322 ante
188 1275 278 1322 oculos
291 1275 409 1336 interque
422 1290 514 1322 manus
527 1283 586 1322 sunt
602 1275 690 1322 omnia
702 1281 805 1324 vestras.

116 1378 163 1411 nec
177 1379 334 1426 quemquam
347 1363 452 1411 incuso:
474 1363 558 1426 potuit
570 1378 637 1425 quae
646 1363 758 1426 plurima
765 1363 844 1412 virtus

116 1466 179 1510 esse,
195 1452 259 1511 fnit3
279 1459 333 1500 toto
347 1459 472 1501 certatum
485 1460 523 1501 est
536 1467 645 1514 corpore
658 1452 740 1514 regni.

116 1555 184 1589 nunc
198 1543 262 1590 adco
276 1555 343 1604 quae
356 1542 389 1589 sit
402 1541 494 1590 dubiae
508 1542 635 1590 sententia
647 1540 727 1589 menti

45 1633 96 1676 315
116 1630 252 1691 expediam
265 1637 290 1678 et
302 1630 391 1692 paucis
405 1628 518 1692 (animos
531 1628 663 1691 adhibete)
677 1628 785 1678 docebo.

116 1723 155 1765 est
167 1718 266 1766 anticus
280 1733 341 1779 ager
353 1717 439 1766 Tusco
452 1719 515 1765 mihi
528 1718 661 1780 proximus
675 1717 754 1776 amni,

116 1805 209 1866 longus
222 1805 249 1851 in
263 1820 393 1863 occasum,
408 1806 466 1852 finis
480 1820 556 1867 super
568 1820 651 1868 usque
664 1803 789 1866 Sicanos;

115 1893 232 1940 Aurunci
245 1893 385 1956 Rutulique
398 1901 486 1941 serunt
499 1900 524 1942 et
536 1908 637 1942 vomere
650 1894 728 1942 du'ros

116 1989 236 2029 exercent
248 1982 327 2030 colles
341 1989 418 2043 atque
430 1982 523 2030 horum
536 1983 676 2045 asperrima
688 1988 807 2045 pascunt.

48 2074 96 2117 320
117 2070 180 2117 haec
194 2071 278 2118 omnis
290 2070 362 2131 regio
376 2076 401 2117 et
415 2070 475 2118 celsi
488 2071 567 2132 plaga
579 2071 656 2133 pinea
668 2071 763 2118 montis

116 2159 190 2207 cedat
203 2159 332 2206 amicitiae
344 2158 503 2206 Teucrorum
517 2165 542 2206 et
554 2157 664 2206 foederis
677 2174 773 2222 aequas

116 2247 231 2294 dicamus
245 2247 315 2307 leges
328 2247 465 2309 sociosque
477 2247 504 2293 in
518 2261 598 2308 regna
610 2262 746 2306 vocemus3

116 2334 261 2394 considant,
277 2336 297 2382 si
312 2342 397 2383 tantus
411 2349 492 2395 amor,
508 2342 533 2383 et
545 2336 648 2384 moenia
661 2337 783 2385 condant.

115 2423 154 2469 sin
168 2423 233 2470 alios
247 2424 304 2471 finis
317 2424 447 2486 aliamque
460 2438 592 2486 capessere
605 2433 708 2486 gentem

76 2515 96 2558 *5
116 2518 154 2559 est
166 2512 268 2560 animus
280 2519 439 2575 possuntque
452 2511 509 2560 solo
523 2512 653 2560 decedere
663 2519 773 2563 nostro„

111 2599 150 2646 bis
162 2601 241 2648 denas
253 2601 321 2649 italo
336 2610 459 2653 texamus
473 2602 578 2652 robore
590 2599 684 2652 namsi
