1816 2956
77 177 135 224 132
312 186 338 224 Ρ.
355 183 477 224 vnneini
497 183 629 224 MARONIS

144 348 170 391 et
181 344 294 391 mulcere
306 341 378 390 dedit
389 341 480 389 fluctus
493 347 519 390 et
530 342 621 389 tollere
633 348 718 400 vento,

143 445 207 494 gens
219 431 325 479 inimica
337 429 401 478 mihi
414 429 576 491 Tyrrhenum
588 431 693 492 navigat
705 445 811 494 aequor,

143 519 222 568 Ilium
233 520 261 566 in
273 519 377 568 Italiam
389 524 495 581 portans
507 518 639 580 victosque
653 525 774 581 penates:

143 608 230 656 incute
241 607 293 655 vim
306 609 386 656 ventis
400 605 596 669 submersasque
610 604 689 654 obrue
702 621 810 670 puppes,

93 698 125 745 70
146 701 190 744 aut
202 710 250 758 age
264 696 376 745 diversos
389 703 415 745 et
427 695 507 743 disice
520 709 630 757 corpora
643 702 732 757 ponto.

144 790 204 832 sunt
215 784 278 832 mihi
292 784 331 832 bis
344 790 441 846 septem
453 783 594 846 praestanti
608 798 715 846 corpore
727 785 872 847 nymphae3

145 887 254 936 quarum
267 886 333 936 quae
346 872 430 920 forma
442 871 623 935 pulcherrima,
629 872 755 935 Deiopea,

145 961 256 1010 conubio
269 961 375 1022 iungam
388 959 474 1008 stabili
488 960 671 1023 propriamque
684 961 786 1020 dicabo,

144 1050 227 1098 omnis
240 1057 270 1098 ut
281 1056 366 1098 tecum
378 1047 474 1096 meritis
487 1064 534 1111 pro
548 1048 642 1097 talibus
656 1064 737 1097 annos

94 1140 124 1187 75
145 1139 231 1201 exigat
243 1146 269 1187 et
280 1137 390 1201 pulchra
402 1137 480 1185 facist
492 1144 517 1186 te
530 1139 602 1201 prole
616 1129 767 1200 parentem’

179 1227 277 1275 Aeolus
290 1227 354 1274 haec
367 1233 465 1286 contra,
478 1215 560 1286 ‘tuos,
576 1240 591 1274 ο
604 1227 707 1288 regina,
723 1227 785 1289 qnid
800 1235 873 1291 optes

146 1316 279 1378 explorare
292 1314 382 1374 labor·;
402 1315 465 1362 mihi
478 1314 550 1362 iussa
562 1330 695 1378 capessere
707 1316 745 1363 fas
759 1323 805 1365 est.

146 1412 173 1453 tu
186 1404 249 1452 mihi
262 1404 443 1466 quodcumque
456 1403 505 1451 hoc
518 1404 604 1465 regni,
620 1412 647 1451 tu
661 1412 762 1467 sceptra
773 1405 874 1455 Iovem·

447 1507 496 1555 que

147 1581 278 1640 concilias,
293 1587 321 1628 tn
335 1581 381 1629 das
394 1581 476 1643 epulis
489 1581 640 1630 accumbere
654 1582 739 1631 divom

94 1675 126 1717 80
145 1668 343 1732 nimborumque
356 1669 419 1717 facis
433 1676 665 1734 tempestatumque
677 1665 830 1734 potentem'

180 1757 251 1806 Haec
264 1757 308 1805 ubi
322 1758 399 1817 dicta,
415 1773 504 1806 cavom
517 1761 874 1823 conversacuspidernontcm

145 1847 240 1909 inpulit
251 1847 279 1893 in
292 1846 368 1906 latus,
384 1862 414 1895 ac
427 1847 494 1895 venti
508 1848 577 1895 velut
590 1849 692 1910 agmine
705 1849 773 1898 facto

146 1950 198 1997 qna
211 1935 272 1982 data
284 1941 359 1997 porta
371 1943 448 1983 ruont
461 1943 486 1984 et
498 1943 577 1984 terras
590 1938 692 1986 turbine
706 1939 831 2000 perflant3

146 2023 285 2071 incubuere
299 2024 372 2083 mari,
388 2030 521 2087 totumque
535 2040 550 2073 a
563 2026 665 2074 sedibus
679 2027 736 2074 imis

94 2117 126 2160 85
146 2126 198 2158 una
209 2111 344 2173 Eurusque
356 2111 489 2174 Notusque
502 2122 579 2161 ruont
596 2115 734 2178 creberque
751 2118 874 2178 procellis

146 2199 248 2248 Africus
263 2208 288 2248 et
299 2207 383 2248 vastos
396 2201 501 2249 volvont
513 2203 545 2250 ad
559 2203 637 2251 litora
649 2204 748 2252 fluctus.

146 2288 289 2350 insequitur
302 2289 451 2351 clamorque
464 2291 546 2337 virum
560 2291 705 2354 stridorque
718 2294 856 2342 rudentum
867 2313 873 2354 3

146 2377 257 2439 eripiunt
269 2377 353 2425 subito
367 2377 447 2426 nubes
461 2380 613 2442 caelumque
627 2381 746 2444 diemque

146 2465 304 2513 Teucrorum
318 2480 349 2514 ex
363 2466 453 2524 oculis,
469 2475 548 2530 ponto
562 2482 615 2516 nox
628 2469 733 2517 incubat
746 2477 810 2529 atra,

94 2558 127 2601 90
146 2553 280 2603 intonuere
293 2555 346 2618 poli
361 2562 386 2603 et
398 2555 492 2603 crebris
506 2556 584 2605 micat
596 2557 699 2619 ignibus
713 2559 802 2608 aether

145 2651 357 2707 praesentemque
369 2644 428 2692 viris
441 2645 570 2692 intentant
582 2646 670 2694 omnia
682 2656 800 2697 mortem.
