1816 2956
268 190 416 230 Aruernos
431 191 518 229 ernau
534 192 588 230 xu.
770 182 827 230 501

104 348 167 395 scire
181 354 318 420 potestates
333 348 469 396 herbarum
483 363 608 410 usumque
622 348 741 396 medendi

103 438 195 485 maluit
208 445 232 485 et
244 444 327 484 nurtas
342 438 439 498 agitare
453 437 578 497 inglorius
593 438 663 485 artis.

103 526 188 574 stabat
200 527 293 574 acerba
306 526 430 583 fremens,
445 525 577 585 ingentem
590 526 665 574 nixus
679 527 706 574 in
720 527 829 585 hastam,

102 616 214 672 Aeneas,
230 628 326 674 magno
339 614 459 661 iuvenum
472 621 497 660 et
510 614 646 661 maerentis
659 614 710 662 Iuli

51 709 83 751 ⁰0
103 718 239 761 concursu,
255 703 368 750 lacrimis
381 701 521 749 inmobilis.
549 702 595 749 ille
608 710 703 750 retorto

102 792 244 839 Paeonium
257 790 284 837 in
298 805 395 837 morem
409 791 495 838 senior
507 791 652 839 succinctus
666 791 761 839 amictu

103 880 185 926 multa
198 894 276 926 manu
290 880 391 926 medica
403 879 553 941 Phoebique
566 880 714 941 petentibus
728 879 814 928 herbis

104 966 261 1028 nequiquam
275 967 394 1029 trepidat,
410 968 568 1030 nequiquam
581 969 683 1030 spicula
695 969 785 1017 dextra

104 1054 227 1103 sollicitat
240 1062 394 1117 prensatque
408 1057 491 1104 tenaci
505 1057 603 1119 forcipe
619 1058 722 1105 serrum.

51 1149 84 1190 05
104 1143 177 1190 nulla
190 1144 258 1191 viam
271 1145 385 1192 Fortuna
398 1145 472 1205 regit,
488 1145 553 1192 nihil
567 1153 658 1194 auctor
669 1146 766 1207 Apollo

104 1231 230 1290 subvenit,
251 1240 275 1281 et
292 1247 381 1280 saevos
395 1233 492 1295 campis
505 1234 588 1295 magis
602 1250 632 1282 ac
645 1234 727 1295 magis
740 1234 832 1281 horror

104 1320 240 1369 crebrescit
264 1322 423 1385 propiusque
449 1322 545 1369 malum
570 1328 616 1370 est.
650 1323 703 1371 iam
728 1323 831 1385 pulvere

406 1411 506 1459 caelum

103 1504 170 1546 stare
183 1499 279 1558 vident,
301 1499 463 1561 subeuntque
477 1501 575 1563 equites
588 1506 613 1548 et
626 1498 726 1561 spicula
742 1499 831 1546 castris

104 1588 184 1634 densa
197 1588 293 1635 cadunt
305 1588 404 1635 mediis.
432 1588 452 1635 it
465 1589 543 1636 tristis
557 1590 589 1637 ad
604 1588 708 1636 aethera
722 1587 821 1635 clamor

55 1682 83 1722 10
104 1676 247 1723 bellantum
260 1676 379 1724 iuvenum
394 1684 418 1724 ct
432 1660 495 1724 duro
509 1677 555 1725 sub
569 1677 652 1724 Marte
665 1676 810 1724 cadentum.

103 1764 145 1810 hic
158 1764 255 1822 Venus,
271 1765 379 1825 indigno
393 1766 446 1813 nati
461 1780 586 1813 concussa
599 1765 698 1822 dolore,

104 1851 261 1900 dictamnum
273 1853 390 1914 genetrix
404 1851 514 1900 Cretaea
527 1854 609 1915 carpit
622 1853 654 1900 ab
667 1853 723 1910 Ida,

102 1939 242 2001 puberibus
256 1942 356 1988 caulem
369 1941 438 1988 foliis
452 1948 476 1988 et
488 1941 550 1989 flere
564 1948 709 1989 comantem

103 2042 248 2089 purpureo3
270 2043 321 2075 non
336 2029 454 2077 illuseris
468 2029 602 2092 incognita
615 2031 699 2092 capris

53 2122 81 2164 15
102 2117 229 2177 gramine,
246 2132 303 2165 cum
318 2124 389 2178 tergo
403 2118 519 2166 volucres
534 2119 638 2167 haesere
651 2119 768 2180 sagittae.

103 2206 152 2254 hoc
165 2207 262 2264 Venus,
279 2207 388 2254 obscuro
402 2207 495 2254 faciem
508 2208 667 2256 circumdata
680 2209 777 2267 nimbo,

103 2295 202 2353 detulit,
219 2295 269 2343 hoe
282 2295 367 2342 fusum
381 2295 460 2342 labris
473 2296 668 2358 splendentibus
681 2311 784 2344 amnem

102 2383 192 2440 inlicit,
208 2384 309 2431 occulte
322 2384 463 2442 medicans,
480 2384 628 2446 spargitque
641 2385 751 2432 salubris

103 2470 248 2519 ambrosiae
261 2487 336 2520 sucos
351 2479 376 2520 et
388 2472 545 2520 odoriferam
558 2487 710 2534 panaceam.

51 2564 83 2605 20
103 2558 166 2605 fovit
178 2574 208 2606 ea
222 2561 312 2608 volnus
325 2561 431 2626 lympha
445 2562 592 2626 longaevos
603 2561 682 2623 lapis

87 2645 221 2706 ignorans,
238 2650 384 2719 subitoque
400 2655 493 2706 omnis
507 2655 544 2706 de
560 2663 682 2717 corpore
695 2643 776 2705 iffi*
