1816 2956
276 181 424 220 Aruernos
443 183 530 220 LIBER
547 183 589 221 IX·
773 175 788 221 3
796 175 811 221 8
819 175 834 221 5

105 338 256 398 vincantur;
270 337 352 400 prosit
364 337 457 385 nostris
470 338 498 384 in
511 339 641 387 montibus
655 331 743 387 ortas’

106 426 175 474 filius
188 426 248 474 huic
262 434 360 484 contra,
376 433 479 489 torquet
493 427 537 488 qui
551 428 637 475 sidera
650 428 749 484 mundi,

102 504 129 562 ‘o
143 515 269 576 genetrix,
285 529 337 577 quo
350 515 404 563 fata
416 514 510 562 vocas?
524 521 568 562 aut
581 515 643 577 quid
657 517 723 578 petis
736 516 809 564 istis?

105 603 242 650 mortaline
255 618 333 652 manu
347 602 431 652 factae
442 603 580 650 inmortale
593 603 697 652 carinae

57 697 86 741 ³5
106 691 144 740 ias
158 690 270 739 habeant
283 699 418 753 certusque
431 692 529 740 incerta
541 691 657 755 pericula
669 693 760 740 lustret

106 779 226 828 Aeneas?
240 779 281 827 cui
295 786 367 827 tanta
379 780 428 828 deo
441 781 567 842 permissa
580 781 711 842 potestas?

107 868 187 914 immo
200 868 244 915 ubi
258 849 395 916 deiunctae
408 869 485 917 finem
498 877 639 933 portusque
652 868 775 918 tenebunt

106 957 237 1004 Ausonios
251 957 321 1016 olim,
337 972 514 1021 quaecumque
528 958 636 1007 evaserit
648 957 723 1005 undis

106 1044 320 1107 Dardaniumque
334 1047 425 1094 ducem
438 1046 579 1094 Laurentia
591 1046 688 1094 vexerit
700 1060 768 1103 arva,

57 1139 87 1182 00
107 1133 243 1181 mortalem
257 1135 364 1196 eripiam
378 1134 487 1183 formam
500 1135 640 1196 magnique
653 1133 747 1182 iubebo

107 1222 227 1284 aequoris
241 1222 379 1280 assederis,
395 1223 479 1284 qualis
493 1222 587 1272 Nereia
598 1222 669 1270 Doto

107 1317 132 1358 et
145 1308 255 1359 Galatea
268 1318 356 1358 secant
368 1317 531 1372 spumantem
544 1318 647 1374 pectore
660 1303 788 1374 pontum!

109 1397 217 1458 dixerat,
232 1399 310 1461 idque
323 1405 407 1446 ratum
421 1398 503 1461 Stygii
516 1414 562 1462 per
573 1400 680 1447 flumina
694 1399 787 1457 fratris,

108 1501 153 1549 per
165 1488 222 1549 pice
236 1488 354 1535 torrentis
367 1497 475 1550 atraque
488 1488 611 1550 voragine
624 1488 693 1550 ripas

57 1580 86 1624 ot
106 1576 197 1625 adnuit
210 1585 235 1624 et
247 1582 329 1623 totum
342 1583 406 1623 nutu
419 1577 560 1626 tremefecit
574 1575 722 1639 Olympum.

142 1664 210 1724 Ergo
225 1664 314 1712 aderat
327 1665 454 1726 promissa
467 1666 521 1714 dies
535 1674 560 1714 et
572 1673 688 1726 tempora
701 1678 795 1726 parcae

107 1751 193 1798 debita
206 1752 366 1813 conpleraut,
383 1768 441 1801 cum
454 1754 535 1801 Turni
549 1752 644 1800 iniuria
656 1753 765 1800 Matrem

107 1839 242 1886 admonuit
254 1840 352 1887 ratibus
365 1842 444 1889 sacris
459 1843 588 1904 depellere
601 1841 698 1889 taedas.

107 1926 149 1973 hic
163 1927 275 1988 primum
288 1941 354 1974 nova
367 1928 413 1975 lux
426 1930 508 1977 oculis
523 1929 621 1977 offulsit
634 1936 659 1977 et
671 1930 763 1990 ingens

57 2022 87 2064 10
106 2015 174 2062 visus
188 2015 220 2061 ab
233 2016 336 2064 Aurora
349 2018 451 2064 caelum
464 2025 637 2066 transcurrere
650 2017 752 2064 nimbus

106 2103 230 2165 Idaeique
243 2103 332 2163 chori;
346 2111 400 2154 tum
413 2121 463 2154 vox
476 2105 605 2154 horrenda
618 2120 664 2168 per
677 2119 752 2152 auras

107 2193 203 2241 excidit
216 2199 241 2241 et
253 2192 351 2240 Troum
363 2193 570 2256 Rutulorumque
583 2193 688 2254 agmina
701 2194 813 2255 conplet,

105 2282 146 2330 ‘ne
160 2282 286 2344 trepidate
299 2295 378 2340 meaa
394 2281 496 2341 Teucri,
513 2281 744 2340 defenderemus,

106 2384 170 2418 neve
184 2377 281 2418 armate
293 2385 401 2418 manus:
416 2371 498 2419 maria
512 2378 571 2418 ante
585 2384 691 2418 exurere
704 2369 792 2416 Turno

56 2463 85 2505 15
107 2473 185 2520 quarn
198 2473 283 2506 sacras
297 2459 399 2507 dabitur
413 2459 497 2521 pinus.
524 2473 569 2506 vos
583 2458 618 2507 ite
631 2459 739 2514 solutae,

106 2546 140 2594 ite
154 2547 217 2594 deae
226 2547 314 2608 pelagi
325 2564 332 2607 ς
345 2548 466 2610 genetrix
477 2535 569 2598 iubet.³
591 2555 619 2597 et
631 2562 684 2594 sua
696 2553 824 2603 quacum

96 2633 219 2679 contiuuo
230 2650 336 2698 puppes
350 2638 522 2706 abrumpunt
534 2638 656 2688 viuculo
665 2631 739 2693 flii*

68 2709 192 2763 Vergilium
675 2713 722 2759 Ἡ)
