1816 2956
77 167 135 215 302
314 177 339 215 Ρ.
356 173 478 215 verona
498 173 631 214 MARONIS

144 334 283 396 respondet
295 333 362 380 curis
376 340 522 395 aequatque
535 329 667 393 Sychaeus
681 346 804 379 amorem.

74 427 124 472 475
145 437 192 470 nec
205 421 290 469 miuus
302 420 414 479 Aeneas,
430 434 492 468 casu
505 434 646 468 concussus
659 420 758 482 iniquo,

144 510 308 574 prosequitur
321 509 459 557 lacrimans
480 509 558 570 longe
571 516 596 557 et
608 509 743 557 miseratur
757 518 868 559 euntem

179 598 243 647 Inde
256 598 345 645 datum
358 597 465 645 molitur
477 597 533 645 iter.
555 597 659 659 iamque
677 612 738 645 arva
750 599 873 647 tenebant

145 687 246 746 ultima,
262 700 328 749 quae
341 684 411 733 bello
425 685 488 733 clari
502 692 601 734 secreta
613 686 786 748 frequentant.

144 775 187 824 hic
199 774 237 823 illi
251 774 363 823 occurrit
374 773 487 836 Tydeus,
502 773 545 823 hic
557 774 670 822 inclutus
684 776 761 823 armis

74 869 126 913 480
145 865 356 926 Parthenopaeus
370 870 396 911 et
407 863 513 910 Adrasti
527 863 648 925 pallentis
661 865 758 925 imago,

145 953 187 1002 hic
200 953 311 1000 multum
324 952 375 1000 fleti
389 951 421 999 ad
435 965 543 1014 superos
556 952 678 1014 belloque
691 953 782 1000 caduci

144 1041 321 1100 Dardanidae,
337 1055 402 1103 quos
414 1041 458 1089 ille
470 1055 560 1088 omnes
573 1041 652 1102 longo
665 1041 755 1089 ordine
766 1056 874 1091 cernens

145 1130 279 1194 ingemuit,
295 1127 874 1191 GlaucumqueMedontaqucThersilochum-

447 1232 505 1280 que,

145 1309 190 1358 tris
203 1307 379 1356 Antenoridas
394 1306 533 1369 Cererique
546 1321 651 1354 sacrum
660 1306 840 1369 Polyphoeten

75 1404 125 1447 485
144 1398 313 1458 Idaeumque,
329 1397 407 1444 etiam
420 1409 518 1454 currus,
534 1395 612 1443 etiam
626 1409 697 1442 arma
709 1402 849 1443 tenentem.

146 1487 313 1535 circumstant
326 1485 427 1532 animae
441 1485 532 1532 dextra
544 1486 669 1546 laevaque
682 1483 843 1545 frequentes:

145 1589 194 1624 neo
205 1574 299 1622 vidisse
312 1573 391 1622 semel
405 1573 467 1621 satis
480 1579 532 1632 est3
553 1573 623 1619 iuvat
636 1587 718 1634 usque
732 1572 827 1619 morari

146 1673 170 1713 et
184 1663 299 1712 conferre
312 1663 422 1724 gradum
435 1670 460 1710 et
473 1661 591 1710 veniendi
606 1661 703 1708 discere
717 1675 817 1709 causas.

145 1759 172 1800 at
183 1750 304 1799 Danaum
318 1765 436 1814 proceres
442 1750 717 1812 Agamemnoniaeque
730 1748 875 1811 phalanges

75 1846 126 1889 490
145 1848 174 1888 ut
186 1840 272 1888 videre
284 1841 366 1887 virum
380 1839 558 1902 fulgentiaque
572 1854 644 1885 arina
657 1852 702 1900 per
715 1837 830 1897 umbras,

145 1928 244 1990 ingenti
259 1929 387 1991 trepidare
399 1936 486 1987 metu,
507 1942 565 1990 pars
579 1934 675 1975 vertere
689 1934 769 1987 terga,

145 2032 192 2065 ceu
206 2017 337 2079 quondam
350 2017 446 2078 petiere
459 2024 542 2075 rates3
563 2031 622 2078 pars
637 2017 727 2064 tollere
741 2031 832 2064 vocem

146 2107 282 2167 exiguam:
304 2107 421 2168 inceptus
436 2106 533 2153 clamor
547 2105 683 2152 smstratur
696 2105 801 2152 hiantis.

181 2195 267 2256 Atque
280 2194 323 2242 hio
335 2194 483 2242 Priamiden
497 2194 622 2241 laniatum
637 2207 744 2256 corpore
757 2201 811 2240 toto

76 2288 125 2330 495
145 2282 312 2345 Deiphobum
325 2283 397 2341 vidit,
414 2283 528 2331 lacerum
541 2281 679 2329 crudeliter
692 2297 746 2340 ora,

146 2386 192 2419 ora
205 2385 349 2433 manusque
362 2369 460 2429 ambus,
476 2371 652 2433 populataque
664 2378 780 2433 tempora
794 2371 876 2434 raptis

147 2461 250 2508 auribus
264 2468 289 2508 et
301 2467 405 2507 truncas
419 2439 555 2507 inhonesto
569 2459 672 2506 volnere
686 2458 763 2504 naris.

146 2550 189 2596 vix
202 2549 267 2596 adeo
280 2547 403 2608 adgnorit
415 2548 573 2610 pavitantem
585 2562 616 2594 ac
630 2546 686 2593 dira
699 2553 828 2606 tegentem

135 2637 279 2702 supplicia,
296 2643 323 2687 et
335 2635 403 2685 notis
417 2636 557 2700 compellat
569 2635 673 2682 vocibus
687 2635 763 2681 ultro.
