1816 2956
305 203 452 242 nsnuruos
472 204 559 242 uranu
575 205 604 244 v.
791 197 849 245 277

127 368 181 408 tum
205 375 287 422 genus
311 375 387 408 omne
411 367 483 408 tuom
506 369 531 408 et
555 377 621 424 quae
640 363 732 410 dentur
751 363 853 410 moenia

429 449 520 497 disces.

126 539 231 600 iamque
244 539 313 585 vale:
335 544 438 600 torquet
450 539 549 586 medios
561 538 621 585 Nox
633 539 722 591 umida
735 555 823 587 cursus

127 634 152 674 et
164 641 205 674 me
218 641 307 674 saevos
321 627 393 688 equis
407 626 499 675 Oriens
513 627 616 674 adflavit
629 619 748 675 anhelis.’

56 719 107 765 740
128 715 228 764 dixerat
241 722 266 763 et
278 716 361 762 tenuis
375 715 441 777 fugit
454 731 499 763 ceu
513 716 598 762 fumus
610 716 637 762 in
652 731 736 763 auras.

127 804 231 850 Aeneas
242 793 303 865 ‘quo
319 804 411 852 deinde
424 805 494 851 ruis?
514 819 565 866 quo
578 795 715 867 proripisl'
734 805 825 867 inquit,

123 881 305 954 ‘quemfugisi
319 892 427 955 autquis
439 900 463 940 te
476 895 569 941 nostris
578 892 746 955 conplexibus
759 883 851 940 arcet'r'

127 979 192 1028 haec
205 982 475 1039 memorunscinerem
489 991 514 1029 et
526 982 623 1043 sopitos
636 981 744 1028 suscitat
755 981 823 1042 ignis

127 1069 349 1132 Pergameumque
362 1069 455 1118 Larem
473 1077 497 1117 et
510 1085 590 1118 canae
603 1070 746 1134 penetralia
758 1069 853 1118 Vestae

57 1161 107 1208 745
128 1158 195 1206 larre
208 1158 251 1220 pio
265 1167 290 1206 et
302 1160 380 1220 plena
393 1159 502 1220 supplex
514 1167 649 1207 veneretur
661 1157 758 1207 acerra.

162 1246 299 1308 Extemplo
313 1248 397 1294 socios
411 1248 574 1309 primumque
587 1248 693 1295 arcessit
704 1249 816 1295 Acesten

127 1344 153 1383 et
164 1335 231 1382 Iovis
245 1336 381 1397 imperium
395 1343 419 1383 et
432 1336 483 1383 cari
498 1342 634 1397 praecepta
646 1336 760 1397 parentis

128 1424 219 1472 edocet
232 1432 256 1471 et
269 1439 335 1486 quae
348 1439 416 1470 nunc
430 1425 516 1471 animo
530 1424 656 1471 sententia
669 1430 776 1471 constet.

128 1512 196 1559 huud
211 1527 285 1561 mora
298 1513 422 1571 consiliis,
438 1527 485 1560 nec
498 1513 568 1560 iussa
581 1520 682 1560 recusat
694 1513 810 1560 Acestes.

56 1606 108 1650 750
127 1600 302 1648 transcribunt
314 1601 370 1648 urbi
385 1609 477 1648 matres
490 1601 666 1662 populumque
679 1601 808 1648 volentem
840 1593 843 1608 ¹

128 1690 269 1750 deponunt,
286 1690 385 1737 animos
400 1691 436 1737 nil
450 1704 560 1751 magnae
574 1689 657 1736 laudis
671 1696 783 1753 egentes.

119 1777 176 1841 ipsi
196 1784 306 1825 transtra
320 1786 416 1826 novant
428 1778 588 1840 flammisque
609 1777 713 1824 ambesa
726 1785 855 1840 reponunt

128 1866 222 1914 robora
236 1868 355 1928 navigiis,
371 1874 461 1929 aptant
473 1881 608 1928 remosque
622 1867 802 1929 rudentesque‚

127 1955 214 2016 exigui
228 1971 349 2013 numero,
366 1957 410 2003 sed
425 1956 493 2003 bello
506 1955 590 2001 vivida
603 1955 691 2002 virtus.

55 2048 106 2094 755
125 2044 223 2092 interea
236 2044 339 2091 Aeneas
353 2044 441 2091 urbem
455 2043 573 2104 designat
586 2051 670 2091 aratro

127 2133 283 2195 sortiturque
296 2133 401 2191 dom0s3
417 2133 465 2180 hoe
478 2132 555 2180 llium
569 2133 670 2181 ethaeo
683 2134 854 2182 locaTroium

127 2236 182 2269 esse
195 2221 273 2270 iubet.
301 2223 397 2283 gaudet
409 2236 489 2283 regno
503 2222 631 2269 Troianus
644 2223 749 2270 Acestes

127 2311 269 2372 indicitque
282 2310 366 2357 forum
380 2318 405 2358 et
417 2310 532 2373 patribus
546 2312 590 2358 dat
603 2311 659 2358 iura
671 2311 777 2359 vocetis.

127 2407 181 2446 tum
194 2400 280 2447 vicina
293 2400 367 2446 astris
381 2400 492 2461 Erycino
505 2399 532 2445 in
545 2400 638 2448 vertice
650 2401 733 2448 sedes>

55 2493 107 2539 760
127 2488 249 2535 fundatur
262 2489 357 2535 Veneri
370 2488 469 2536 Idaliae
482 2489 633 2550 tumuloque
646 2489 766 2536 sacerdos

127 2592 158 2624 ae
170 2578 244 2624 lucus
258 2578 309 2626 late
323 2591 396 2624 sacer
409 2577 512 2624 additur
524 2577 665 2624 Anchiseo.

161 2666 269 2728 Iamque
282 2666 335 2713 dies
349 2667 454 2729 epulata
466 2680 561 2715 novem
574 2681 640 2729 gens
654 2665 744 2713 omnus
755 2671 786 2712 et
795 2663 852 2708 aius
