1816 2956
272 185 419 225 naustoos
439 185 526 224 arnan
543 186 585 224 ru.
767 175 827 222 203

49 350 80 394 ⁰0
100 343 254 407 progredior
265 351 350 406 portu,
367 342 461 390 classes
475 335 590 390 et'litora
603 342 732 405 linquens,

100 432 234 480 sollemnis
248 447 307 480 cum
320 432 385 478 sorte
400 432 478 493 dapes
492 438 516 478 et
529 431 612 478 tristia
625 432 694 479 dona

101 529 161 570 ante
174 521 264 569 urbem
276 520 304 567 in
317 520 376 567 luco
390 519 450 566 falsi
463 518 602 568 Simoentis
616 521 648 568 ad
662 520 760 567 undam

102 609 201 658 libabat
214 609 293 658 cineri
307 607 490 656 Andromache
504 622 644 670 manesque
657 608 766 657 vocabat

101 698 257 747 Hectoreum
271 698 303 745 ad
317 697 460 754 tumulum,
481 696 555 743 viridi
574 711 650 758 [ruem
668 697 780 760 caespite
793 697 832 744 in·
870 720 878 739 .

402 799 478 832 anem

49 880 81 924 05
102 883 127 924 et
139 875 265 937 geminas,
281 889 385 922 causam
399 874 520 932 lacrimis,
536 881 680 922 sacraverat
693 889 759 922 aras.

101 971 130 1011 ut
142 977 183 1011 me
197 963 332 1026 conspexit
345 963 489 1011 venientem
503 970 528 1011 et
541 963 622 1010 Troia
635 963 731 1011 circum

103 1067 175 1100 arma
188 1067 276 1100 emens
290 1051 361 1110 vidit,
377 1052 479 1112 magnis
493 1051 615 1100 exterrita
628 1052 748 1098 monstris

102 1141 214 1202 deriguit
226 1141 281 1188 visu
294 1141 320 1187 in
336 1140 432 1198 medio,
449 1141 521 1188 calor
534 1155 593 1187 ossa
606 1139 719 1202 reliquit,

105 1229 201 1278 labitur
214 1237 239 1277 et
250 1230 331 1290 longo
345 1229 387 1275 vix
400 1230 505 1278 tandem
519 1236 633 1291 tempore
647 1228 716 1276 fatur

51 1324 83 1368 10
98 1307 204 1366 ‘verane
217 1327 242 1366 te
255 1318 343 1375 iacies,
358 1332 432 1365 vcrus
445 1318 507 1365 mihi
522 1318 626 1364 nuntius
640 1317 734 1375 adfers,

103 1415 163 1456 nate
176 1407 242 1455 dea?
261 1406 374 1454 vivisne?
394 1416 446 1464 aut,
462 1406 483 1454 si
496 1408 542 1454 lux
555 1407 625 1454 alma
637 1406 751 1464 recessit,

104 1496 200 1545 Hector
210 1495 253 1543 ubi
266 1488 327 1543 est?
342 1495 406 1542 dixit
418 1495 590 1557 lacrimasque
602 1494 836 1543 ell'uditetomnem

105 1584 212 1648 inplevit
225 1585 338 1632 clamore
351 1585 445 1631 locum.
473 1584 515 1630 vix
529 1598 612 1645 pauca
624 1583 718 1631 furenti

104 1673 204 1721 subicio
218 1679 243 1720 ct
257 1673 321 1720 raris
335 1673 450 1719 turbatus
464 1671 570 1719 vocibus
583 1671 664 1719 hisco.

53 1767 85 1811 15
104 1762 169 1810 ‘vivo
183 1761 303 1824 equidem
315 1761 445 1823 uitamque
458 1769 573 1808 extrema
585 1775 631 1823 per
644 1760 733 1807 omnia
751 1760 817 1808 duco
828 1776 835 1819 ;

104 1865 137 1900 ne
151 1851 249 1908 dubita,
265 1864 326 1897 nam
338 1864 399 1897 uera
411 1849 490 1896 vides.

105 1939 156 1988 heu
170 1939 226 2001 quis
240 1946 265 1986 te
279 1953 352 1986 casus
365 1937 491 1986 deiectam
504 1937 615 1998 coniuge
628 1944 699 1984 tanto

106 2027 201 2090 excipit
214 2035 258 2074 aut
272 2041 337 2088 quac
351 2027 430 2087 digna
442 2025 503 2072 satis
516 2024 620 2073 fortuna
633 2025 736 2073 revisit?

107 2116 225 2164 Hectoris
238 2115 422 2163 Andromache
436 2114 546 2176 Pyrrhia
560 2115 671 2162 conubia
684 2105 796 2162 servasl'

49 2210 87 2253 '20
107 2205 200 2253 deiecit
212 2205 311 2251 voltum
324 2210 349 2251 et
362 2204 472 2252 demissa
484 2218 546 2251 vocc
560 2204 680 2251 locutast.

103 2283 131 2341 ‘o
144 2293 208 2341 felix
221 2307 273 2340 una
286 2301 344 2340 ante
358 2293 423 2340 alias
436 2292 566 2341 Priameia
578 2292 659 2353 virgo,

107 2382 229 2430 hostilem
242 2381 274 2429 ad
288 2381 417 2428 tumulum
430 2382 524 2429 Troiae
537 2381 583 2429 sub
597 2379 732 2428 moenibus
746 2379 805 2426 altis

108 2471 179 2518 iussa
191 2469 266 2528 mori,
283 2485 348 2532 quae
362 2470 466 2518 sortitus
480 2485 532 2517 non
546 2469 651 2532 pertulit
664 2469 731 2516 ullos

109 2574 156 2608 nec
168 2559 271 2607 victoris
285 2558 339 2606 heri
355 2559 438 2619 tetigit
451 2559 552 2621 captiva
566 2558 658 2606 cubile.

49 2654 90 2698 l25
110 2663 157 2696 nos
171 2648 255 2710 patria
267 2647 373 2694 incensa
386 2647 485 2696 diversa
498 2662 543 2711 per
556 2660 676 2710 aequora
685 2653 781 2694 sectae
