1816 2956
305 189 454 229 neumnos
472 190 559 228 nisan
576 189 604 228 v.
791 178 848 226 281

126 349 231 407 insonti,
247 348 377 410 puppique
391 349 453 395 deus
467 347 583 396 consedit
596 347 623 394 in
636 347 698 405 alta,

125 437 267 485 Phorbanti
281 437 380 495 similis,
396 436 531 499 funditque
544 436 591 484 has
605 450 648 484 ore
662 435 799 497 loquellas.

122 515 218 574 ‘Iaside
231 526 361 584 Palinure,
377 527 463 573 ferunt
475 526 530 589 ipsa
543 540 658 588 aequora
670 525 788 583 classem,

126 621 252 677 aequatae
265 616 364 678 spirant
376 629 463 673 aurae,
480 615 554 663 datur
568 614 631 661 hora
644 613 733 676 quieti.

55 708 106 751 845
127 717 194 766 pone
207 711 284 765 caput
296 704 428 766 fessosque
442 704 531 751 oculos
545 703 629 750 surore
643 702 735 750 labori.

126 793 181 855 ipse
194 806 242 853 ego
255 793 396 854 paullisper
409 807 454 854 pro
469 800 493 839 tc
506 800 550 839 tua
563 805 669 839 munera
682 778 774 837 inibo'

126 882 168 928 cui
180 881 222 928 vix
235 882 356 929 attollens
369 882 507 929 Palinurus
521 880 619 928 lumina
633 879 700 926 satur

122 960 208 1017 ‘mene
221 970 282 1017 salis
296 970 391 1032 placidi
404 970 502 1016 voltum
514 970 657 1030 fluctusque
671 968 771 1029 quietos

125 1059 245 1120 ignorare
258 1058 348 1106 iubes?
367 1072 441 1105 mene
454 1057 514 1105 huic
528 1057 657 1105 confidere
670 1058 802 1105 monstro?

55 1152 106 1195 850
125 1148 232 1196 Aenean
247 1149 349 1195 credam
363 1147 424 1208 quid
439 1146 505 1194 enim
520 1146 656 1194 fallacibus
670 1146 748 1205 auris,

126 1243 151 1285 et
163 1236 226 1284 caeli
241 1237 334 1283 totiens
348 1237 468 1298 deceptus
482 1235 571 1283 fraude
584 1226 694 1284 sereni't'

125 1325 188 1373 talia
202 1325 270 1372 dicta
283 1324 361 1372 dabat
374 1325 525 1386 clavemque
538 1324 630 1373 affixus
645 1331 669 1371 et
681 1323 790 1371 haerens

126 1428 253 1475 nusquam
267 1412 400 1461 amittebat
413 1414 553 1476 oculosque
566 1414 613 1460 sub
627 1420 696 1461 nstra
709 1411 821 1460 tenebat.

127 1516 185 1550 ecce
199 1503 261 1549 deus
274 1517 375 1550 ramum
387 1502 501 1550 Lethaeo
515 1517 572 1549 rore
585 1502 732 1550 madentem

55 1595 106 1638 855
126 1591 201 1653 vique
214 1601 363 1655 soporatum
377 1592 466 1655 Stygia
478 1606 555 1654 super
568 1599 676 1653 utraque
690 1598 795 1653 quassat

126 1686 243 1742 tempora
256 1683 437 1744 cunctantique
450 1681 566 1731 natantia
580 1681 678 1729 lumina
691 1680 775 1728 solvit.

125 1769 168 1815 vix
182 1769 277 1832 primos
290 1771 398 1833 inopina
411 1773 483 1834 quies
497 1772 629 1819 laxaverat
641 1775 720 1828 artus,

126 1866 151 1905 et
163 1859 390 1920 superincumbens
404 1876 461 1908 eum
475 1860 568 1923 puppis
582 1866 654 1922 parte
667 1858 767 1906 revolsa

126 1962 235 2009 cumque
247 1948 406 2008 gubernaclo
420 1949 531 2012 liquidas
545 1949 653 2011 proiecit
665 1948 692 1995 in
705 1947 788 1995 undas

55 2040 105 2082 860
126 2037 291 2099 praecipitem
305 2051 334 2084 ae
348 2037 431 2084 socios
445 2038 602 2099 nequiquam
615 2052 692 2100 saepe
703 2043 852 2097 vocantem3

125 2125 179 2186 ipse
192 2126 282 2173 volans
296 2125 379 2172 tenuis
392 2140 419 2172 se
432 2127 535 2174 sustulit
548 2128 601 2174 ales
615 2127 647 2174 ad
662 2140 746 2174 auras.

126 2213 205 2260 currit
217 2214 266 2261 iter
278 2220 361 2262 tutum
375 2228 426 2259 non
440 2214 518 2262 setius
532 2229 644 2276 aequore
657 2213 747 2263 classis

125 2301 309 2362 promissisque
322 2301 402 2363 patris
415 2301 527 2364 Neptuni
541 2303 657 2352 interrita
669 2303 757 2350 fertur.

125 2388 229 2450 iamque
243 2390 307 2437 adeo
321 2390 441 2451 scopulos
456 2390 575 2438 Sirenum
588 2392 695 2439 advecta
706 2392 818 2452 subibat,

55 2480 104 2522 865
126 2476 237 2524 difficilis
251 2479 383 2539 quondam
396 2479 588 2541 multorumque
601 2479 700 2528 ossibus
714 2481 787 2530 albos

129 2567 195 2627 (tum
208 2580 288 2614 rauca
301 2566 409 2614 adsiduo
424 2567 501 2629 longe
514 2568 568 2616 sale
581 2583 645 2616 saxa
657 2569 806 2634 sonabant),

125 2671 183 2705 cum
197 2662 270 2718 pater
283 2656 377 2704 amisso
392 2657 536 2705 fluitantem
550 2671 638 2706 errare
648 2658 782 2720 magistro
