<?xml version="1.0" encoding="UTF-8"?>
<!DOCTYPE html PUBLIC "-//W3C//DTD XHTML 1.0 Transitional//EN"
    "http://www.w3.org/TR/xhtml1/DTD/xhtml1-transitional.dtd">
<html xmlns="http://www.w3.org/1999/xhtml" xml:lang="en" lang="en">
 <head>
  <title>
</title>
<meta http-equiv="Content-Type" content="text/html;charset=utf-8" />
  <meta name='ocr-system' content='tesseract 3.04.00' />
  <meta name='ocr-capabilities' content='ocr_page ocr_carea ocr_par ocr_line ocrx_word'/>
</head>
<body>
  <div class='ocr_page' id='page_1' title='image "./pvergiliusmaro01virggoog_0327.png"; bbox 0 0 1816 2956; ppageno 0'>
   <div class='ocr_carea' id='block_1_1' title="bbox 87 177 640 224">
    <p class='ocr_par' dir='ltr' id='par_1_1' title="bbox 87 177 640 224">
     <span class='ocr_line' id='line_1_1' title="bbox 87 177 640 224; baseline -0.009 0"><span class='ocrx_word' id='word_1_1' title='bbox 87 177 147 224; x_wconf 84' lang='lat'>308</span> <span class='ocrx_word' id='word_1_2' title='bbox 324 182 487 223; x_wconf 76' lang='lat' dir='ltr'>r.ursne1a1</span> <span class='ocrx_word' id='word_1_3' title='bbox 509 180 640 220; x_wconf 70' lang='lat' dir='ltr'>uirorus</span> 
     </span>
    </p>
   </div>
   <div class='ocr_carea' id='block_1_2' title="bbox 85 331 887 1201">
    <p class='ocr_par' dir='ltr' id='par_1_2' title="bbox 152 331 887 475">
     <span class='ocr_line' id='line_1_2' title="bbox 152 331 887 402; baseline -0.001 -13"><span class='ocrx_word' id='word_1_4' title='bbox 152 331 208 389; x_wconf 90' lang='lat' dir='ltr'>‘sed</span> <span class='ocrx_word' id='word_1_5' title='bbox 227 341 280 389; x_wconf 88' lang='lat' dir='ltr'>iam</span> <span class='ocrx_word' id='word_1_6' title='bbox 300 354 362 401; x_wconf 80' lang='lat' dir='ltr'>age,</span> <span class='ocrx_word' id='word_1_7' title='bbox 389 354 465 402; x_wconf 89' lang='lat' dir='ltr'>carpe</span> <span class='ocrx_word' id='word_1_8' title='bbox 489 339 557 386; x_wconf 90' lang='lat' dir='ltr'>viam</span> <span class='ocrx_word' id='word_1_9' title='bbox 576 346 601 387; x_wconf 89' lang='lat' dir='ltr'>et</span> <span class='ocrx_word' id='word_1_10' title='bbox 623 346 770 400; x_wconf 87' lang='lat' dir='ltr'>susceptum</span> <span class='ocrx_word' id='word_1_11' title='bbox 790 339 887 401; x_wconf 88' lang='lat' dir='ltr'>perfice</span> 
     </span>
     <span class='ocr_line' id='line_1_3' title="bbox 457 442 559 475; baseline -0.01 -1"><span class='ocrx_word' id='word_1_12' title='bbox 457 442 559 475; x_wconf 89' lang='lat' dir='ltr'>munus.</span> 
     </span>
    </p>

    <p class='ocr_par' dir='ltr' id='par_1_3' title="bbox 85 508 886 935">
     <span class='ocr_line' id='line_1_4' title="bbox 85 508 802 578; baseline -0.011 -10"><span class='ocrx_word' id='word_1_13' title='bbox 85 525 136 568; x_wconf 85' lang='lat'>630</span> <span class='ocrx_word' id='word_1_14' title='bbox 156 508 338 567; x_wconf 81' lang='lat' dir='ltr'>adeeleremus’</span> <span class='ocrx_word' id='word_1_15' title='bbox 351 516 401 565; x_wconf 86' lang='lat' dir='ltr'>ait:</span> <span class='ocrx_word' id='word_1_16' title='bbox 422 515 576 578; x_wconf 83' lang='lat' dir='ltr'>‘Cyclopum</span> <span class='ocrx_word' id='word_1_17' title='bbox 589 515 681 564; x_wconf 86' lang='lat' dir='ltr'>educta</span> <span class='ocrx_word' id='word_1_18' title='bbox 695 514 802 562; x_wconf 89' lang='lat' dir='ltr'>caminis</span> 
     </span>
     <span class='ocr_line' id='line_1_5' title="bbox 155 603 838 668; baseline -0.007 -14"><span class='ocrx_word' id='word_1_19' title='bbox 155 607 259 655; x_wconf 85' lang='lat' dir='ltr'>moenia</span> <span class='ocrx_word' id='word_1_20' title='bbox 272 605 404 668; x_wconf 77' lang='lat' dir='ltr'>conspicio</span> <span class='ocrx_word' id='word_1_21' title='bbox 418 611 496 667; x_wconf 91' lang='lat' dir='ltr'>atque</span> <span class='ocrx_word' id='word_1_22' title='bbox 510 604 617 652; x_wconf 86' lang='lat' dir='ltr'>adverso</span> <span class='ocrx_word' id='word_1_23' title='bbox 630 603 728 651; x_wconf 82' lang='lat' dir='ltr'>fornice</span> <span class='ocrx_word' id='word_1_24' title='bbox 742 610 838 666; x_wconf 90' lang='lat' dir='ltr'>portas,</span> 
     </span>
     <span class='ocr_line' id='line_1_6' title="bbox 156 683 836 757; baseline -0.006 -15"><span class='ocrx_word' id='word_1_25' title='bbox 156 695 220 744; x_wconf 85' lang='lat' dir='ltr'>haee</span> <span class='ocrx_word' id='word_1_26' title='bbox 233 694 276 742; x_wconf 88' lang='lat' dir='ltr'>ubi</span> <span class='ocrx_word' id='word_1_27' title='bbox 289 709 337 742; x_wconf 90' lang='lat' dir='ltr'>nos</span> <span class='ocrx_word' id='word_1_28' title='bbox 351 700 489 757; x_wconf 83' lang='lat' dir='ltr'>praecepta</span> <span class='ocrx_word' id='word_1_29' title='bbox 502 694 591 741; x_wconf 91' lang='lat' dir='ltr'>iubent</span> <span class='ocrx_word' id='word_1_30' title='bbox 605 694 733 754; x_wconf 84' lang='lat' dir='ltr'>deponere</span> <span class='ocrx_word' id='word_1_31' title='bbox 747 683 836 739; x_wconf 77' lang='lat' dir='ltr'>dona&#39;</span> 
     </span>
     <span class='ocr_line' id='line_1_7' title="bbox 156 782 771 845; baseline -0.007 -13"><span class='ocrx_word' id='word_1_32' title='bbox 156 785 264 842; x_wconf 77' lang='lat' dir='ltr'>dixerat,</span> <span class='ocrx_word' id='word_1_33' title='bbox 280 792 306 832; x_wconf 88' lang='lat' dir='ltr'>et</span> <span class='ocrx_word' id='word_1_34' title='bbox 317 783 414 845; x_wconf 87' lang='lat' dir='ltr'>pariter</span> <span class='ocrx_word' id='word_1_35' title='bbox 425 782 506 843; x_wconf 84' lang='lat' dir='ltr'>gressi</span> <span class='ocrx_word' id='word_1_36' title='bbox 519 797 565 845; x_wconf 90' lang='lat' dir='ltr'>per</span> <span class='ocrx_word' id='word_1_37' title='bbox 578 797 661 844; x_wconf 88' lang='lat' dir='ltr'>opaea</span> <span class='ocrx_word' id='word_1_38' title='bbox 673 782 771 828; x_wconf 90' lang='lat' dir='ltr'>viarum</span> 
     </span>
     <span class='ocr_line' id='line_1_8' title="bbox 155 870 886 935; baseline -0.005 -15"><span class='ocrx_word' id='word_1_39' title='bbox 155 873 298 935; x_wconf 88' lang='lat' dir='ltr'>corripiunt</span> <span class='ocrx_word' id='word_1_40' title='bbox 324 870 436 933; x_wconf 90' lang='lat' dir='ltr'>spatium</span> <span class='ocrx_word' id='word_1_41' title='bbox 465 871 579 919; x_wconf 90' lang='lat' dir='ltr'>medium</span> <span class='ocrx_word' id='word_1_42' title='bbox 603 870 753 932; x_wconf 83' lang='lat' dir='ltr'>foribusque</span> <span class='ocrx_word' id='word_1_43' title='bbox 778 870 886 932; x_wconf 90' lang='lat' dir='ltr'>propin-</span> 
     </span>
    </p>

    <p class='ocr_par' dir='ltr' id='par_1_4' title="bbox 457 967 546 1021">
     <span class='ocr_line' id='line_1_9' title="bbox 457 967 546 1021; baseline 0 -15"><span class='ocrx_word' id='word_1_44' title='bbox 457 967 546 1021; x_wconf 86' lang='lat' dir='ltr'>quant.</span> 
     </span>
    </p>

    <p class='ocr_par' dir='ltr' id='par_1_5' title="bbox 85 1049 841 1201">
     <span class='ocr_line' id='line_1_10' title="bbox 85 1049 763 1112; baseline -0.007 -14"><span class='ocrx_word' id='word_1_45' title='bbox 85 1055 135 1098; x_wconf 81' lang='lat'>635</span> <span class='ocrx_word' id='word_1_46' title='bbox 156 1055 267 1112; x_wconf 86' lang='lat' dir='ltr'>occupat</span> <span class='ocrx_word' id='word_1_47' title='bbox 279 1049 382 1096; x_wconf 79' lang='lat' dir='ltr'>Aeneas</span> <span class='ocrx_word' id='word_1_48' title='bbox 396 1049 496 1096; x_wconf 89' lang='lat' dir='ltr'>aditum</span> <span class='ocrx_word' id='word_1_49' title='bbox 509 1063 654 1110; x_wconf 89' lang='lat' dir='ltr'>corpusque</span> <span class='ocrx_word' id='word_1_50' title='bbox 667 1049 763 1096; x_wconf 87' lang='lat' dir='ltr'>recenti</span> 
     </span>
     <span class='ocr_line' id='line_1_11' title="bbox 155 1137 841 1201; baseline -0.003 -15"><span class='ocrx_word' id='word_1_51' title='bbox 155 1138 253 1201; x_wconf 82' lang='lat' dir='ltr'>spargit</span> <span class='ocrx_word' id='word_1_52' title='bbox 265 1152 334 1199; x_wconf 86' lang='lat' dir='ltr'>aqua</span> <span class='ocrx_word' id='word_1_53' title='bbox 347 1152 499 1199; x_wconf 87' lang='lat' dir='ltr'>ramumque</span> <span class='ocrx_word' id='word_1_54' title='bbox 513 1138 620 1185; x_wconf 85' lang='lat' dir='ltr'>adverso</span> <span class='ocrx_word' id='word_1_55' title='bbox 634 1138 660 1184; x_wconf 91' lang='lat' dir='ltr'>in</span> <span class='ocrx_word' id='word_1_56' title='bbox 674 1137 762 1185; x_wconf 86' lang='lat' dir='ltr'>limine</span> <span class='ocrx_word' id='word_1_57' title='bbox 776 1137 841 1199; x_wconf 83' lang='lat' dir='ltr'>figit.</span> 
     </span>
    </p>
   </div>
   <div class='ocr_carea' id='block_1_3' title="bbox 155 1225 818 1465">
    <p class='ocr_par' dir='ltr' id='par_1_6' title="bbox 155 1225 818 1465">
     <span class='ocr_line' id='line_1_12' title="bbox 191 1225 818 1289; baseline 0 -16"><span class='ocrx_word' id='word_1_58' title='bbox 191 1225 237 1273; x_wconf 90' lang='lat' dir='ltr'>His</span> <span class='ocrx_word' id='word_1_59' title='bbox 251 1225 355 1273; x_wconf 90' lang='lat' dir='ltr'>demum</span> <span class='ocrx_word' id='word_1_60' title='bbox 368 1227 473 1285; x_wconf 90' lang='lat' dir='ltr'>exactis,</span> <span class='ocrx_word' id='word_1_61' title='bbox 489 1226 602 1289; x_wconf 87' lang='lat' dir='ltr'>perfecto</span> <span class='ocrx_word' id='word_1_62' title='bbox 615 1240 721 1273; x_wconf 87' lang='lat' dir='ltr'>munere</span> <span class='ocrx_word' id='word_1_63' title='bbox 735 1225 818 1285; x_wconf 88' lang='lat' dir='ltr'>divae,</span> 
     </span>
     <span class='ocr_line' id='line_1_13' title="bbox 156 1313 729 1362; baseline -0.002 0"><span class='ocrx_word' id='word_1_64' title='bbox 156 1315 280 1362; x_wconf 86' lang='lat' dir='ltr'>devenere</span> <span class='ocrx_word' id='word_1_65' title='bbox 293 1313 365 1362; x_wconf 86' lang='lat' dir='ltr'>locos</span> <span class='ocrx_word' id='word_1_66' title='bbox 378 1315 460 1362; x_wconf 87' lang='lat' dir='ltr'>laetos</span> <span class='ocrx_word' id='word_1_67' title='bbox 474 1321 499 1361; x_wconf 90' lang='lat' dir='ltr'>et</span> <span class='ocrx_word' id='word_1_68' title='bbox 512 1329 621 1362; x_wconf 86' lang='lat' dir='ltr'>amoena</span> <span class='ocrx_word' id='word_1_69' title='bbox 633 1315 729 1362; x_wconf 82' lang='lat' dir='ltr'>virecta</span> 
     </span>
     <span class='ocr_line' id='line_1_14' title="bbox 155 1402 739 1465; baseline -0.002 -15"><span class='ocrx_word' id='word_1_70' title='bbox 155 1402 344 1459; x_wconf 75' lang='lat' dir='ltr'>fortunatorum</span> <span class='ocrx_word' id='word_1_71' title='bbox 358 1418 491 1451; x_wconf 89' lang='lat' dir='ltr'>nemorum</span> <span class='ocrx_word' id='word_1_72' title='bbox 505 1404 630 1465; x_wconf 88' lang='lat' dir='ltr'>sedesque</span> <span class='ocrx_word' id='word_1_73' title='bbox 643 1404 739 1451; x_wconf 88' lang='lat' dir='ltr'>beatas.</span> 
     </span>
    </p>
   </div>
   <div class='ocr_carea' id='block_1_4' title="bbox 81 1491 883 2620">
    <p class='ocr_par' dir='ltr' id='par_1_7' title="bbox 83 1491 881 1908">
     <span class='ocr_line' id='line_1_15' title="bbox 83 1491 764 1555; baseline -0.003 -15"><span class='ocrx_word' id='word_1_74' title='bbox 83 1495 136 1540; x_wconf 77' lang='lat'>640</span> <span class='ocrx_word' id='word_1_75' title='bbox 156 1492 254 1552; x_wconf 84' lang='lat' dir='ltr'>largior</span> <span class='ocrx_word' id='word_1_76' title='bbox 267 1491 309 1539; x_wconf 89' lang='lat' dir='ltr'>hie</span> <span class='ocrx_word' id='word_1_77' title='bbox 322 1506 427 1555; x_wconf 88' lang='lat' dir='ltr'>campos</span> <span class='ocrx_word' id='word_1_78' title='bbox 441 1492 529 1540; x_wconf 80' lang='lat' dir='ltr'>aether</span> <span class='ocrx_word' id='word_1_79' title='bbox 542 1499 567 1539; x_wconf 90' lang='lat' dir='ltr'>et</span> <span class='ocrx_word' id='word_1_80' title='bbox 579 1493 677 1540; x_wconf 86' lang='lat' dir='ltr'>lumine</span> <span class='ocrx_word' id='word_1_81' title='bbox 690 1493 764 1539; x_wconf 88' lang='lat' dir='ltr'>vestit</span> 
     </span>
     <span class='ocr_line' id='line_1_16' title="bbox 155 1580 816 1643; baseline 0.003 -16"><span class='ocrx_word' id='word_1_82' title='bbox 155 1594 294 1643; x_wconf 90' lang='lat' dir='ltr'>purpureo,</span> <span class='ocrx_word' id='word_1_83' title='bbox 310 1580 442 1642; x_wconf 89' lang='lat' dir='ltr'>solemque</span> <span class='ocrx_word' id='word_1_84' title='bbox 455 1595 539 1639; x_wconf 87' lang='lat' dir='ltr'>suom,</span> <span class='ocrx_word' id='word_1_85' title='bbox 555 1596 601 1628; x_wconf 88' lang='lat' dir='ltr'>sua</span> <span class='ocrx_word' id='word_1_86' title='bbox 614 1582 699 1629; x_wconf 89' lang='lat' dir='ltr'>sidera</span> <span class='ocrx_word' id='word_1_87' title='bbox 712 1589 816 1629; x_wconf 87' lang='lat' dir='ltr'>norunt.</span> 
     </span>
     <span class='ocr_line' id='line_1_17' title="bbox 154 1668 826 1749; baseline 0.003 -35"><span class='ocrx_word' id='word_1_88' title='bbox 154 1682 214 1731; x_wconf 90' lang='lat' dir='ltr'>pars</span> <span class='ocrx_word' id='word_1_89' title='bbox 227 1668 255 1714; x_wconf 91' lang='lat' dir='ltr'>in</span> <span class='ocrx_word' id='word_1_90' title='bbox 264 1668 406 1749; x_wconf 72' lang='lat' dir='ltr'>gramineis</span> <span class='ocrx_word' id='word_1_91' title='bbox 421 1677 540 1717; x_wconf 88' lang='lat' dir='ltr'>exercent</span> <span class='ocrx_word' id='word_1_92' title='bbox 553 1668 668 1717; x_wconf 89' lang='lat' dir='ltr'>membra</span> <span class='ocrx_word' id='word_1_93' title='bbox 680 1671 826 1732; x_wconf 83' lang='lat' dir='ltr'>palaestris,</span> 
     </span>
     <span class='ocr_line' id='line_1_18' title="bbox 154 1757 777 1817; baseline 0.002 -13"><span class='ocrx_word' id='word_1_94' title='bbox 154 1757 315 1804; x_wconf 91' lang='lat' dir='ltr'>contendunt</span> <span class='ocrx_word' id='word_1_95' title='bbox 326 1757 389 1805; x_wconf 89' lang='lat' dir='ltr'>ludo</span> <span class='ocrx_word' id='word_1_96' title='bbox 404 1765 428 1805; x_wconf 89' lang='lat' dir='ltr'>et</span> <span class='ocrx_word' id='word_1_97' title='bbox 441 1757 510 1806; x_wconf 82' lang='lat' dir='ltr'>fulva</span> <span class='ocrx_word' id='word_1_98' title='bbox 524 1760 653 1806; x_wconf 90' lang='lat' dir='ltr'>luctantur</span> <span class='ocrx_word' id='word_1_99' title='bbox 666 1759 777 1817; x_wconf 73' lang='lat' dir='ltr'>harena,</span> 
     </span>
     <span class='ocr_line' id='line_1_19' title="bbox 154 1844 881 1908; baseline 0.01 -17"><span class='ocrx_word' id='word_1_100' title='bbox 154 1859 214 1907; x_wconf 90' lang='lat' dir='ltr'>pars</span> <span class='ocrx_word' id='word_1_101' title='bbox 227 1844 336 1906; x_wconf 92' lang='lat' dir='ltr'>pedibus</span> <span class='ocrx_word' id='word_1_102' title='bbox 350 1847 479 1908; x_wconf 89' lang='lat' dir='ltr'>plaudunt</span> <span class='ocrx_word' id='word_1_103' title='bbox 492 1847 599 1894; x_wconf 88' lang='lat' dir='ltr'>choreas</span> <span class='ocrx_word' id='word_1_104' title='bbox 614 1855 638 1895; x_wconf 90' lang='lat' dir='ltr'>et</span> <span class='ocrx_word' id='word_1_105' title='bbox 652 1848 766 1895; x_wconf 84' lang='lat' dir='ltr'>carmina</span> <span class='ocrx_word' id='word_1_106' title='bbox 779 1849 881 1898; x_wconf 82' lang='lat' dir='ltr'>dicunt.</span> 
     </span>
    </p>

    <p class='ocr_par' dir='ltr' id='par_1_8' title="bbox 81 1934 882 2351">
     <span class='ocr_line' id='line_1_20' title="bbox 81 1934 794 1996; baseline 0.004 -16"><span class='ocrx_word' id='word_1_107' title='bbox 81 1937 133 1980; x_wconf 79' lang='lat'>645</span> <span class='ocrx_word' id='word_1_108' title='bbox 154 1947 201 1981; x_wconf 88' lang='lat' dir='ltr'>nec</span> <span class='ocrx_word' id='word_1_109' title='bbox 214 1947 267 1980; x_wconf 92' lang='lat' dir='ltr'>non</span> <span class='ocrx_word' id='word_1_110' title='bbox 280 1934 414 1982; x_wconf 89' lang='lat' dir='ltr'>Threicius</span> <span class='ocrx_word' id='word_1_111' title='bbox 427 1936 508 1996; x_wconf 89' lang='lat' dir='ltr'>longa</span> <span class='ocrx_word' id='word_1_112' title='bbox 521 1951 578 1983; x_wconf 91' lang='lat' dir='ltr'>cum</span> <span class='ocrx_word' id='word_1_113' title='bbox 592 1943 661 1984; x_wconf 89' lang='lat' dir='ltr'>vestc</span> <span class='ocrx_word' id='word_1_114' title='bbox 674 1938 794 1984; x_wconf 88' lang='lat' dir='ltr'>sacerdos</span> 
     </span>
     <span class='ocr_line' id='line_1_21' title="bbox 154 2021 807 2086; baseline 0.008 -18"><span class='ocrx_word' id='word_1_115' title='bbox 154 2021 303 2083; x_wconf 88' lang='lat' dir='ltr'>obloquitur</span> <span class='ocrx_word' id='word_1_116' title='bbox 316 2024 428 2071; x_wconf 88' lang='lat' dir='ltr'>numeris</span> <span class='ocrx_word' id='word_1_117' title='bbox 442 2032 538 2086; x_wconf 87' lang='lat' dir='ltr'>septem</span> <span class='ocrx_word' id='word_1_118' title='bbox 553 2025 701 2072; x_wconf 88' lang='lat' dir='ltr'>discrimina</span> <span class='ocrx_word' id='word_1_119' title='bbox 713 2041 807 2073; x_wconf 90' lang='lat' dir='ltr'>vocum</span> 
     </span>
     <span class='ocr_line' id='line_1_22' title="bbox 154 2109 882 2176; baseline 0.015 -21"><span class='ocrx_word' id='word_1_120' title='bbox 154 2109 257 2171; x_wconf 89' lang='lat' dir='ltr'>iamque</span> <span class='ocrx_word' id='word_1_121' title='bbox 270 2111 360 2159; x_wconf 90' lang='lat' dir='ltr'>eadem</span> <span class='ocrx_word' id='word_1_122' title='bbox 375 2112 475 2174; x_wconf 85' lang='lat' dir='ltr'>digitis,</span> <span class='ocrx_word' id='word_1_123' title='bbox 491 2114 543 2160; x_wconf 89' lang='lat' dir='ltr'>iam</span> <span class='ocrx_word' id='word_1_124' title='bbox 557 2115 658 2175; x_wconf 89' lang='lat' dir='ltr'>pectine</span> <span class='ocrx_word' id='word_1_125' title='bbox 671 2115 757 2176; x_wconf 88' lang='lat' dir='ltr'>pulsat</span> <span class='ocrx_word' id='word_1_126' title='bbox 770 2115 882 2166; x_wconf 90' lang='lat' dir='ltr'>eburno.</span> 
     </span>
     <span class='ocr_line' id='line_1_23' title="bbox 154 2197 831 2265; baseline 0.013 -21"><span class='ocrx_word' id='word_1_127' title='bbox 154 2197 195 2245; x_wconf 91' lang='lat' dir='ltr'>hie</span> <span class='ocrx_word' id='word_1_128' title='bbox 208 2212 290 2259; x_wconf 89' lang='lat' dir='ltr'>genus</span> <span class='ocrx_word' id='word_1_129' title='bbox 303 2200 417 2248; x_wconf 89' lang='lat' dir='ltr'>anticum</span> <span class='ocrx_word' id='word_1_130' title='bbox 430 2202 532 2260; x_wconf 87' lang='lat' dir='ltr'>Teucri,</span> <span class='ocrx_word' id='word_1_131' title='bbox 548 2203 722 2264; x_wconf 87' lang='lat' dir='ltr'>pulcherrima</span> <span class='ocrx_word' id='word_1_132' title='bbox 735 2205 831 2265; x_wconf 90' lang='lat' dir='ltr'>proles,</span> 
     </span>
     <span class='ocr_line' id='line_1_24' title="bbox 153 2287 756 2351; baseline 0.01 -18"><span class='ocrx_word' id='word_1_133' title='bbox 153 2288 312 2348; x_wconf 84' lang='lat' dir='ltr'>magnanimi</span> <span class='ocrx_word' id='word_1_134' title='bbox 326 2287 426 2347; x_wconf 91' lang='lat' dir='ltr'>heroes,</span> <span class='ocrx_word' id='word_1_135' title='bbox 442 2290 495 2337; x_wconf 84' lang='lat' dir='ltr'>nati</span> <span class='ocrx_word' id='word_1_136' title='bbox 508 2292 658 2339; x_wconf 88' lang='lat' dir='ltr'>melioribus</span> <span class='ocrx_word' id='word_1_137' title='bbox 673 2293 756 2351; x_wconf 88' lang='lat' dir='ltr'>annis,</span> 
     </span>
    </p>

    <p class='ocr_par' dir='ltr' id='par_1_9' title="bbox 82 2374 883 2620">
     <span class='ocr_line' id='line_1_25' title="bbox 82 2374 883 2439; baseline 0.015 -19"><span class='ocrx_word' id='word_1_138' title='bbox 82 2377 134 2421; x_wconf 84' lang='lat'>650</span> <span class='ocrx_word' id='word_1_139' title='bbox 152 2374 258 2438; x_wconf 89' lang='lat' dir='ltr'>Ilusque</span> <span class='ocrx_word' id='word_1_140' title='bbox 269 2377 465 2439; x_wconf 84' lang='lat' dir='ltr'>Assaracusque</span> <span class='ocrx_word' id='word_1_141' title='bbox 482 2385 508 2426; x_wconf 92' lang='lat' dir='ltr'>et</span> <span class='ocrx_word' id='word_1_142' title='bbox 519 2380 613 2428; x_wconf 87' lang='lat' dir='ltr'>Troiae</span> <span class='ocrx_word' id='word_1_143' title='bbox 626 2381 765 2428; x_wconf 86' lang='lat' dir='ltr'>Dardanus</span> <span class='ocrx_word' id='word_1_144' title='bbox 778 2391 883 2433; x_wconf 86' lang='lat' dir='ltr'>auctor.</span> 
     </span>
     <span class='ocr_line' id='line_1_26' title="bbox 154 2464 805 2528; baseline 0.012 -18"><span class='ocrx_word' id='word_1_145' title='bbox 154 2478 226 2511; x_wconf 87' lang='lat' dir='ltr'>arma</span> <span class='ocrx_word' id='word_1_146' title='bbox 239 2464 328 2527; x_wconf 88' lang='lat' dir='ltr'>procul</span> <span class='ocrx_word' id='word_1_147' title='bbox 342 2479 483 2528; x_wconf 88' lang='lat' dir='ltr'>currusque</span> <span class='ocrx_word' id='word_1_148' title='bbox 496 2468 578 2515; x_wconf 88' lang='lat' dir='ltr'>virum</span> <span class='ocrx_word' id='word_1_149' title='bbox 591 2471 698 2517; x_wconf 86' lang='lat' dir='ltr'>miratur</span> <span class='ocrx_word' id='word_1_150' title='bbox 711 2471 805 2518; x_wconf 90' lang='lat' dir='ltr'>inanis.</span> 
     </span>
     <span class='ocr_line' id='line_1_27' title="bbox 152 2553 767 2620; baseline 0.013 -22"><span class='ocrx_word' id='word_1_151' title='bbox 152 2557 222 2599; x_wconf 90' lang='lat' dir='ltr'>stant</span> <span class='ocrx_word' id='word_1_152' title='bbox 234 2559 301 2600; x_wconf 90' lang='lat' dir='ltr'>terra</span> <span class='ocrx_word' id='word_1_153' title='bbox 314 2553 413 2602; x_wconf 83' lang='lat' dir='ltr'>delixae</span> <span class='ocrx_word' id='word_1_154' title='bbox 426 2554 516 2604; x_wconf 86' lang='lat' dir='ltr'>hastae</span> <span class='ocrx_word' id='word_1_155' title='bbox 529 2558 676 2620; x_wconf 88' lang='lat' dir='ltr'>passimque</span> <span class='ocrx_word' id='word_1_156' title='bbox 690 2560 767 2606; x_wconf 91' lang='lat' dir='ltr'>soluti</span> 
     </span>
    </p>
   </div>
   <div class='ocr_carea' id='block_1_5' title="bbox 138 2646 884 2710">
    <p class='ocr_par' dir='ltr' id='par_1_10' title="bbox 138 2646 884 2710">
     <span class='ocr_line' id='line_1_28' title="bbox 138 2646 884 2710; baseline 0.016 -23"><span class='ocrx_word' id='word_1_157' title='bbox 138 2654 192 2700; x_wconf 85' lang='lat' dir='ltr'>per</span> <span class='ocrx_word' id='word_1_158' title='bbox 202 2655 327 2707; x_wconf 85' lang='lat' dir='ltr'>campum</span> <span class='ocrx_word' id='word_1_159' title='bbox 340 2652 483 2708; x_wconf 87' lang='lat' dir='ltr'>pascuntur</span> <span class='ocrx_word' id='word_1_160' title='bbox 500 2646 569 2709; x_wconf 86' lang='lat' dir='ltr'>eqni.</span> <span class='ocrx_word' id='word_1_161' title='bbox 596 2662 662 2710; x_wconf 90' lang='lat' dir='ltr'>quae</span> <span class='ocrx_word' id='word_1_162' title='bbox 676 2649 760 2709; x_wconf 82' lang='lat' dir='ltr'>gratia</span> <span class='ocrx_word' id='word_1_163' title='bbox 777 2665 884 2700; x_wconf 91' lang='lat' dir='ltr'>currum</span> 
     </span>
    </p>
   </div>
   <div class='ocr_carea' id='block_1_6' title="bbox 0 0 932 2956">
    <p class='ocr_par' dir='ltr' id='par_1_11' title="bbox 0 0 932 2956">
     <span class='ocr_line' id='line_1_29' title="bbox 0 0 932 2956; baseline 0 0"><span class='ocrx_word' id='word_1_164' title='bbox 0 0 932 2956; x_wconf 95' lang='lat' dir='ltr'> </span> 
     </span>
    </p>
   </div>
  </div>
 </body>
</html>
