1816 2956
257 193 405 232 Asusruos
426 193 513 231 umus
528 194 569 232 rx.
748 187 810 234 403

86 351 239 411 pendentem
253 357 278 397 et
291 364 386 410 magna
399 349 464 395 muri
479 364 537 396 cum
550 357 621 411 parte
635 351 741 410 revellit,

39 444 65 485 30
86 439 170 500 qualis
201 438 244 485 ubi
277 445 321 485 aut
345 439 459 499 leporem
489 446 533 484 aut
558 440 678 487 candenti
704 455 814 502 corpore
842 441 848 454 ‘

387 541 494 587 cycnum

86 616 188 662 sustulit
201 616 255 663 alta
267 622 356 677 petens
369 614 477 676 podibus
490 614 557 662 Iovis
571 617 683 677 armiger
694 617 776 674 uncis,

86 704 230 765 quaesitum
244 709 289 750 aut
301 703 376 749 matri
389 703 476 750 multis
490 703 620 751 balatibus
635 720 731 766 agnum

85 792 192 838 Martius
207 808 222 838 a
234 791 341 838 stabulis
355 791 439 853 rapuit
452 793 536 854 lupus.
565 793 679 854 undique
693 793 793 841 clamor

86 881 200 928 tollitur:
222 881 346 926 invadunt
360 888 384 926 et
397 880 479 927 fossas
494 895 588 941 aggero
603 882 740 943 conplent;

39 975 66 1016 35
87 969 199 1016 ardentis
213 969 301 1016 taedas
316 968 359 1015 alii
373 969 405 1015 ad
419 968 522 1029 fastigia
535 969 640 1016 iactant.

86 1057 199 1104 Ilioneus
213 1072 276 1103 saxo
290 1064 367 1118 atque
380 1056 477 1116 ingenti
492 1057 617 1117 fragmine
631 1057 724 1104 montis

86 1144 229 1202 Lucetium,
246 1151 335 1207 portae
348 1144 500 1192 subeuntem
513 1145 632 1208 ignisque
645 1147 784 1205 serentem„

86 1234 242 1280 Emathiona
255 1233 341 1294 Liger,
358 1231 521 1294 Corynaeum
535 1235 625 1281 sternit
637 1235 733 1293 Asilas,

86 1322 127 1369 hic
140 1322 225 1369 iaculo
240 1321 330 1379 honus,
347 1321 389 1368 hie
403 1323 480 1382 longe
494 1321 599 1370 fallente
612 1323 715 1384 sagitta,

39 1416 67 1459 1⁷0
88 1409 223 1473 Ortygium
238 1409 364 1468 Caeneus,
380 1410 502 1457 victorem
517 1409 621 1459 Caenea
634 1411 745 1470 Turnus,

85 1500 187 1546 Turnus
204 1500 271 1560 Itym
285 1497 459 1561 Cloniumque
476 1499 638 1562 Dioxippum
652 1499 815 1547 Promolum-

386 1602 436 1650 quc

85 1684 109 1724 et
123 1675 242 1737 Sagarim
256 1683 280 1723 et
293 1677 398 1723 summis
412 1683 520 1724 stantem
535 1690 580 1736 pro
595 1676 707 1723 turribus
720 1676 793 1735 Idan,

85 1765 234 1811 Privernum
255 1763 348 1826 Capys.
380 1764 449 1812 hunc
469 1764 552 1826 primo
572 1765 633 1811 levis
653 1764 728 1812 hasta
746 1765 814 1812 The-

386 1852 474 1900 millae

85 1940 236 1988 strinxerat:
252 1941 296 1988 illc
309 1955 414 1994 manum
428 1940 542 2002 proiecto
556 1941 668 2001 tegmine
682 1942 786 1989 demens

39 2034 65 2077 t'5
86 2029 117 2074 ud
132 2029 222 2075 volnus
236 2030 309 2088 tulit-3
331 2043 392 2090 ergo
406 2029 453 2076 alis
467 2029 576 2089 adlapsa
588 2029 682 2090 sagitta

86 2124 110 2163 ct
122 2118 195 2164 laevo
209 2118 289 2164 infixa
302 2126 339 2165 cst
352 2117 425 2164 lateri
440 2131 531 2164 manus
545 2117 683 2179 abditaque
697 2118 765 2165 intus

84 2206 241 2267 spiramenta
254 2207 355 2254 animae
369 2206 440 2254 letali
454 2207 559 2253 volnere
572 2207 649 2268 rupit.

86 2295 170 2341 stabat
182 2294 207 2340 in
223 2295 332 2356 egregiis
345 2295 464 2343 Arcentis
478 2294 545 2341 filius
560 2295 646 2353 armis,

85 2383 167 2444 pictus
181 2398 229 2430 acu
244 2383 405 2445 chlamydem
423 2390 448 2432 et
465 2383 594 2443 ferrugine
608 2383 692 2431 clarus
705 2382 810 2442 Hibera,

39 2476 65 2518 30
86 2471 193 2532 insignis
207 2471 281 2530 facie,
297 2472 399 2533 genitor
412 2487 488 2534 quem
501 2473 606 2519 miserat
618 2472 732 2528 Arcens,

85 2560 203 2607 eductum
216 2561 306 2608 Matris
319 2561 379 2609 luco
395 2559 552 2626 Symaethia
564 2563 670 2610 circum

70 2646 185 2703 flumina,
202 2649 311 2710 pinguis
326 2650 370 2700 ubi
387 2661 413 2703 et
426 2653 582 2720 placabilis
596 2640 797 2700 aravatius·-

625 2733 646 2778 2
657 2722 695 2774 h*
