1816 2956
70 177 131 224 344
306 185 333 222 P.
350 182 471 222 VERGlLl
491 182 624 222 stancius

138 342 214 390 cessit
226 355 314 399 amor;
334 346 477 401 recoquunt
490 339 586 400 patrios
598 338 752 388 fornacibus
766 356 794 390 er

138 429 246 478 classica
258 429 362 490 iamque
376 434 485 485 sonant3
505 428 525 474 it
537 427 605 475 bello
619 434 717 475 tessera
730 429 793 491 siga

137 518 180 566 hic
192 518 295 579 galeam
308 517 382 564 tectis
395 516 510 578 trepidus
522 515 598 577 rapit,
614 516 658 563 ille
671 515 794 566 frementi

138 606 170 654 ad
183 606 245 668 iuga
263 605 332 666 cogit
344 618 424 666 equos
445 604 608 666 clipeumque
620 618 738 666 auroque
759 607 792 654 tri

67 699 118 742 640
137 695 245 742 loricam
257 693 372 740 induitur
385 692 488 753 fidoque
501 692 645 752 accingitur·
658 706 728 740 ense.

172 783 281 831 Pandite
300 795 368 828 nuuc
381 779 523 838 Helicona,
546 781 623 838 deae,
646 787 794 845 cantusque

436 876 500 926 vete,

138 960 181 1021 qui
195 959 264 1007 bello
278 957 353 1007 acciti
367 972 449 1018 reges,
465 971 531 1018 quae
545 971 671 1018 quemque
685 966 794 1009 secutae

137 1047 283 1109 conplerint
296 1061 401 1108 campos
414 1045 490 1103 acies,
507 1044 599 1106 quibus
611 1044 679 1092 Itala
691 1045 746 1094 iam
761 1055 794 1096 tu:

136 1136 250 1183 floruerit
262 1141 330 1183 terra
343 1134 493 1191 armarius,
510 1133 602 1194 quibus
615 1132 706 1180 arserit
719 1137 794 1183 aruris

67 1229 116 1272 645
137 1230 162 1271 et
174 1223 326 1271 meministis
340 1222 424 1280 enim,
440 1222 528 1279 divae,
544 1229 569 1268 et
581 1235 725 1269 memorare
739 1232 794 1285 pot

136 1313 168 1360 ad
182 1326 230 1359 uos
243 1311 286 1358 vix
298 1311 381 1358 tenuis
394 1310 478 1358 famae
491 1309 633 1372 perlabitur
645 1324 717 1357 aura.

171 1400 273 1448 Primus
286 1399 334 1446 init
346 1398 443 1446 bellurn
456 1398 594 1458 Tyrrhenis
608 1411 682 1458 asper
695 1397 727 1445 ab
742 1401 794 1449 oris

137 1495 298 1550 contemptor
311 1487 396 1534 divom
409 1487 549 1534 Mezentius
563 1487 720 1546 agminaque
733 1503 793 1536 arm

136 1577 203 1624 filius
217 1576 277 1624 huic
290 1576 363 1623 iuxta
376 1575 486 1632 Lausus,
503 1589 554 1635 quo
569 1574 701 1636 pulchrior
714 1577 784 1625 alter

65 1669 116 1712 650
136 1664 258 1722 nonfuit,
274 1671 382 1725 excepto
396 1663 532 1710 Laurentis
547 1678 653 1724 corpore
666 1663 760 1712 Turni.

133 1753 244 1811 LausuS,
260 1767 354 1815 equom
368 1751 480 1798 domitor
493 1751 688 1812 debellatorque
702 1752 792 1804 feraru

135 1843 205 1889 ducit
216 1842 342 1902 Agyllina
355 1840 512 1902 nequiquam
526 1853 558 1885 cx
572 1839 633 1885 urbe
646 1849 748 1888 secutos

134 1930 205 1977 mille
217 1930 294 1987 viros,
310 1929 402 1989 dignus
416 1927 505 1989 patriis
519 1928 563 1988 qui
577 1927 670 1974 laetior
683 1938 751 1977 esset

134 2017 248 2080 imperiis
262 2023 287 2064 et
300 2017 340 2064 eui
354 2023 426 2077 pater·
439 2016 507 2063 haud
522 2016 662 2062 Mezentius
676 2025 752 2064 essct.

64 2113 113 2156 655
168 2107 232 2154 Post
244 2105 291 2152 hos
304 2105 433 2165 insignem
447 2104 534 2165 palma
547 2119 591 2165 per
604 2104 723 2163 gramina
736 2122 794 2156 cun

132 2196 293 2256 victoresque
306 2200 418 2240 ostentat
431 2207 510 2254 equos
525 2200 594 2239 satus
609 2192 719 2239 Hercule
734 2197 794 2254 pul<

133 2283 240 2346 pulcher
253 2282 395 2329 Aventinus
410 2281 545 2342 clipeoque
558 2280 659 2340 insigne
672 2288 794 2341 pateruur

133 2378 236 2421 centum
256 2384 353 2430 angues
373 2370 535 2429 cinctamque
553 2369 618 2428 gerit
637 2371 794 2430 serpentibus

434 2458 521 2514 drarn3

133 2548 206 2595 collis
219 2546 340 2594 Aventini
354 2545 417 2592 silva
431 2561 505 2606 quem
519 2545 590 2592 Rhea
604 2545 724 2592 sacerdos

62 2641 112 2684 660
132 2637 251 2683 l'urtivom
264 2641 339 2698 partu
357 2633 403 2680 sub
418 2634 521 2680 luminis
535 2634 615 2680 edidit
628 2648 695 2691 oras,
