1816 2956
91 175 152 221 374
330 184 354 221 P.
372 182 494 221 vanem
514 180 644 220 MARONIS

195 340 275 386 Fama
288 339 358 385 volat
370 353 475 400 paruam
488 337 573 384 subito
586 338 691 398 volgata
704 351 751 399 per
763 337 856 386 urbem

91 434 141 477 555
162 429 233 476 ocius
246 428 283 475 ire
296 427 395 488 equites
408 427 534 489 Tyrrheni
549 426 580 473 ad
595 426 686 473 limina
699 425 776 486 regis.

160 526 221 565 vota
233 523 303 563 metu
317 516 450 578 duplicant
462 523 557 563 matres
570 515 727 576 propiusque
741 514 841 576 periclo

161 605 181 651 it
194 604 271 651 timor
284 612 308 651 et
320 605 403 652 maior
415 604 505 651 Martis
518 604 570 652 iam
584 604 692 664 adparet
704 603 803 664 imago.

161 701 216 740 tum
228 700 302 755 pater
314 693 450 740 Euandrus
466 693 582 739 dextram
597 691 738 752 conplexus
753 691 839 738 euntis

161 782 258 839 haeret,
273 781 419 843 inexpletus
433 780 581 838 lacrimans,
597 795 627 827 ac
640 780 702 827 talia
716 778 795 826 fatur.

92 875 142 918 560
158 860 185 917 ‘o
198 869 261 918 mihi
276 870 426 932 praeteritos
440 869 534 917 referat
547 870 568 916 si
582 868 698 931 Iuppiter
711 882 806 926 annos,

162 959 246 1021 qualis
258 973 327 1006 eram
339 973 397 1006 cum
410 957 519 1020 primam
532 957 613 1004 aciem
622 956 761 1004 Praeneste
774 957 824 1004 sub
838 958 894 1020 ipsa

162 1047 238 1094 stravi
253 1053 435 1108 scutorumque
448 1045 551 1093 incendi
564 1045 645 1092 vietor
657 1059 763 1093 acervos

162 1142 187 1183 et
199 1149 286 1196 regem
299 1135 347 1182 hac
360 1134 467 1181 Erulum
482 1134 571 1181 dextra
585 1133 630 1180 sub
644 1132 755 1181 Tartara
767 1134 839 1192 misi,

162 1223 276 1271 nascenti
295 1223 335 1269 cui
350 1222 394 1269 tris
413 1222 512 1269 animas
525 1221 637 1269 Feronia
649 1229 731 1269 mater

93 1317 142 1359 565
164 1310 332 1374 (horrendum
347 1311 428 1373 dictu)
442 1311 556 1369 dederat,
572 1317 645 1358 terna
658 1326 730 1358 arma
743 1312 877 1360 movenda

163 1399 213 1462 (ter
225 1398 290 1447 Leto
304 1400 455 1447 sternendus
469 1407 539 1456 erat3
561 1399 601 1445 oui
615 1405 668 1445 tum
683 1406 769 1446 tamen
785 1401 872 1448 omnis

163 1487 268 1537 abstulit
276 1488 339 1536 haec
347 1487 446 1536 animas
460 1488 550 1534 dextra
558 1495 583 1535 et
590 1487 697 1535 totidem
709 1487 782 1534 exuit
790 1490 893 1551 armis),

163 1591 215 1624 non
229 1591 278 1638 ego
291 1591 360 1624 nune
374 1576 443 1623 dulei
457 1578 578 1638 amplexu
592 1576 727 1623 divellerer
740 1591 865 1638 usquam,

164 1674 233 1726 nate,
249 1673 303 1723 tuo,
319 1679 403 1725 neque
417 1664 525 1711 finitimo
540 1665 681 1712 Mezentius
696 1679 824 1726 umquam

93 1759 143 1804 570
163 1755 223 1802 huie
237 1753 314 1815 capiti
325 1753 455 1821 insultans
470 1760 507 1799 tot
520 1753 586 1800 ferro
601 1768 677 1800 saeva
691 1753 808 1801 dedisset

163 1842 261 1900 funera,
277 1848 330 1888 tam
343 1842 429 1888 multis
444 1842 572 1889 viduasset
586 1841 682 1888 civibus
695 1841 796 1889 urbem.

164 1938 189 1979 at
201 1946 254 1988 vos,
271 1945 286 1977 o
300 1931 394 1992 superi,
411 1938 435 1977 ot
449 1931 534 1976 divom
547 1937 573 1976 tu
588 1930 700 1978 maxime
713 1940 800 1979 rector

163 2019 285 2082 luppiter,
301 2019 416 2077 Arcadii,
433 2032 538 2080 quaem,
555 2019 710 2066 miserescite
723 2020 793 2080 regis

164 2115 189 2156 et
201 2108 297 2170 patrias
311 2107 398 2155 audite
411 2122 515 2169 preces:
536 2107 556 2153 si
571 2108 679 2154 numina
692 2115 774 2154 vestra

94 2203 143 2246 575
164 2198 321 2244 incolumem
334 2195 454 2244 Pallanta
468 2195 540 2254 mihi,
556 2195 576 2241 si
590 2196 644 2243 fata
657 2205 798 2255 reservant,

164 2285 185 2332 si
198 2285 297 2332 visurus
312 2299 370 2332 eum
383 2284 439 2331 vivo
454 2291 479 2332 et
491 2291 611 2332 venturus
625 2285 651 2330 in
666 2298 755 2341 unum,

163 2375 240 2422 vitam
254 2388 309 2430 oro,
325 2373 410 2434 patior
423 2373 538 2434 quemvis
553 2373 644 2419 durare
658 2372 792 2431 laborem3

159 2464 199 2514 sin
214 2462 331 2528 aliquem
343 2460 479 2509 infandum
493 2475 588 2517 casum,
604 2461 726 2516 Fortuna,
743 2462 863 2522 minaris,

152 2573 236 2619 nnnc,
254 2572 329 2606 ntrne
343 2571 358 2604 0
374 2554 456 2604 liceat
469 2551 603 2600 crudelem
616 2549 867 2607 ultrumpemx'xmm,

47 2628 117 2767 '00
141 2651 211 2702 dum
229 2666 318 2703 curae
332 2646 500 2712 ambiguae,
515 2643 584 2690 dum
594 2650 655 2700 spes
664 2633 872 2685 inoerxalutur‘x„
