1816 2956
103 168 141 214 46
341 176 367 215 Ρ.
384 175 506 215 VERGILI
525 174 657 215 Minorsls

172 332 256 396 prima
269 330 346 382 Cares
360 333 428 382 ferro
441 332 558 381 mortalis
571 339 668 380 vertere
681 338 777 381 terram

171 422 291 481 instituit,
307 436 366 470 cum
377 422 430 470 iarn
442 421 552 483 glandes
566 427 643 484 atque
656 420 749 469 arbuta
761 436 852 470 sacrae

172 511 311 560 deficerent
324 511 403 560 silvae
417 517 443 558 et
453 511 549 558 victum
560 509 675 557 Dodona
687 517 805 572 negaret.

104 606 153 648 150
172 615 234 649 mox
247 606 272 649 et
284 598 419 648 frumentis
432 598 507 647 labor
520 598 632 658 additus,
647 603 676 647 ut
688 599 759 647 mala
772 599 872 648 culmos

172 696 239 739 esset
251 688 343 750 robigo
356 688 494 749 segnisque
507 687 622 735 horreret
634 687 662 734 in
675 687 741 736 arvis

172 779 300 837 carduus;
313 777 443 826 intereunt
454 782 563 838 segetes,
579 775 648 824 subit
660 789 752 840 aspera
765 775 840 835 silva,

172 866 316 931 lappaeque
330 865 478 928 tribolique,
493 864 610 927 interque
623 864 732 912 nitentia
745 864 818 913 culta

147 986 150 990 Δ
171 955 270 1025 infelix!
276 954 369 1003 lolium
382 960 407 1002 et
419 954 518 1002 steriles
532 954 698 1002 dominantur
711 967 818 1005 avenae.

103 1049 151 1092 155
172 1045 242 1106 qnod
256 1044 305 1092 nisi
319 1049 345 1091 et
357 1042 472 1092 adsiduis
485 1041 592 1090 herbam
605 1041 765 1091 insectabere
778 1042 866 1090 rastris

171 1140 197 1182 et
208 1133 295 1181 sonitu
308 1132 414 1181 terrebis
428 1145 486 1179 aves
500 1137 525 1179 et
538 1130 604 1179 ruris
618 1131 693 1194 opaci

171 1222 238 1272 falce
252 1236 351 1287 premes
364 1220 484 1268 umbram
497 1220 613 1282 votisque
625 1219 756 1268 vocaveris
769 1219 887 1279 imbrem,

171 1310 222 1359 heu
236 1325 360 1372 magnum
373 1309 478 1358 alterius
492 1308 587 1356 frustra
599 1307 726 1370 spectabis
740 1324 861 1357 acervom

172 1413 349 1461 concussaque
362 1399 457 1446 famem
470 1398 497 1444 in
510 1398 580 1446 silvis
594 1397 713 1446 solabere
726 1411 834 1459 quercu.

103 1492 152 1535 160
206 1487 353 1536 Dicendum
367 1495 391 1536 et
404 1501 471 1549 quae
484 1487 536 1534 siut
550 1485 619 1533 duris
634 1485 779 1547 agrestibus
793 1500 875 1544 arma,

173 1577 230 1639 quis
243 1577 298 1625 sine
312 1591 359 1624 nec
372 1563 478 1640 potuere
491 1575 540 1624 seri
553 1590 601 1623 nec
614 1589 719 1636 surgere
731 1589 842 1623 messes:

171 1665 253 1713 vomis
267 1672 292 1714 et
304 1665 391 1713 inflexi
404 1665 516 1729 primurn
529 1678 606 1726 grave
619 1663 697 1711 robur
711 1662 790 1712 aratri

172 1753 297 1816 tardaque
310 1753 448 1802 Eleusinae
461 1753 550 1800 matris
563 1752 692 1800 volventia
705 1752 826 1815 plaustra

172 1841 319 1905 tribulaque
332 1841 488 1904 traheaeque
502 1848 527 1890 et
539 1841 628 1904 iniquo
642 1840 757 1903 pondere
770 1840 856 1898 rastri,

104 1935 152 1978 165
172 1931 260 1993 virgea
272 1937 406 1995 praeterea
420 1929 492 1979 Celei
505 1931 614 1992 vilisque
628 1929 755 1992 supellex,

172 2020 294 2068 arbuteae
308 2026 389 2068 crates
403 2026 428 2067 et
440 2019 548 2081 mystica
560 2033 659 2066 vannus
673 2015 769 2064 Iacchi.

172 2110 261 2158 omnia
273 2124 341 2172 quae
353 2109 435 2156 multo
449 2115 508 2156 ante
520 2122 620 2156 memor
632 2106 734 2170 provisa
746 2119 867 2168 repones,

172 2199 194 2246 si
207 2205 231 2246 te
245 2199 325 2260 digna
337 2205 425 2246 manet
437 2197 515 2245 divini
529 2196 614 2259 gloria
627 2195 702 2242 ruris.

173 2287 296 2335 continuo
309 2287 336 2334 in
350 2287 419 2335 silvis
433 2301 528 2348 magna
540 2286 564 2332 vi
577 2285 644 2333 flexa
653 2283 780 2332 donratur

105 2379 153 2425 170
173 2376 200 2424 in
213 2376 297 2423 burim
311 2382 336 2423 et
349 2375 417 2423 curvi
431 2374 541 2422 sormam
554 2374 648 2436 accipit
660 2373 746 2420 ulmus
759 2373 849 2421 aratri.

167 2465 232 2513 huic
244 2464 277 2514 ab
291 2465 370 2529 stirpe
383 2465 461 2528 pedes
474 2471 542 2511 temo
556 2469 687 2526 protentus
700 2462 728 2509 in
741 2468 812 2522 octo,

155 2551 238 2604 binae
251 2571 342 2619 aures,
361 2554 467 2623 duplici
480 2559 603 2620 aptantur
617 2549 734 2598 dentalia
743 2550 832 2596 dorso.

140 2645 276 2696 caeditur
292 2656 318 2699 et
332 2649 398 2706 tilia
411 2654 480 2700 ante
492 2646 562 2708 iugo
572 2639 644 2692 lotis
656 2637 766 2694 altadus
775 2633 855 2691 iagus
