1816 2956
69 155 130 203 554
422 161 510 202 uluis,

136 320 250 369 Minoem
263 318 365 380 cupidis
377 319 399 366 si
413 332 465 366 non
478 318 603 368 inhiasset
615 319 723 368 ocellisl

136 409 181 458 sed
194 408 278 457 malus
291 407 335 456 illc
348 422 421 469 puer,
436 422 513 469 quem
527 422 574 456 nac
587 422 634 456 sua
646 408 751 458 flectere
765 418 846 460 mater

137 498 232 546 iratum
244 496 337 559 potuit,
353 510 430 558 quem
443 511 491 544 nec
503 503 577 559 pater
590 504 667 559 atque
681 512 745 546 avus
759 499 829 549 idem

69 592 117 635 135
136 586 252 648 Iuppiter
265 585 321 647 (ille
334 585 412 632 etiam
424 584 525 633 Poenos
539 585 665 634 domitare
679 587 772 637 leones

137 682 163 723 et
175 674 278 722 rabidas
291 673 380 721 docuit
392 673 457 721 vires
470 688 648 722 mansuescere
662 675 748 736 tigris,

137 763 182 812 ille
195 763 273 812 etiam
286 763 373 821 divos,
394 762 512 811 homines
525 789 560 797 -
579 763 623 810 aed
643 763 732 812 dicere
745 781 867 828 magnum

438 851 497 914 est),

137 941 204 989 idem
218 947 273 987 tum
285 939 369 987 tristes
382 939 492 989 acuebat
504 939 626 1002 parvulus
639 939 701 988 irae.

136 1029 244 1079 Iunonis
256 1041 367 1089 magnae
380 1025 465 1089 (cuius
478 1028 590 1090 periuria
602 1028 677 1076 divae

70 1125 118 1167 140
137 1121 151 1180 †
164 1118 227 1166 olim
240 1131 267 1165 se
279 1116 427 1174 meminere,
443 1117 488 1164 diu
500 1117 604 1179 periura
615 1117 720 1179 puellae

138 1221 190 1255 uon
203 1207 250 1255 ulli
263 1205 351 1268 liceat)
365 1205 505 1253 violaverat
517 1204 600 1253 inscia
612 1205 711 1265 sedem,

138 1297 200 1344 dum
212 1295 292 1344 sacris
305 1301 411 1356 operata
424 1295 488 1342 deae
501 1294 601 1342 lascivit
613 1301 639 1342 et
651 1302 726 1344 extra

137 1385 255 1448 procedit
266 1383 344 1444 longe
357 1390 467 1429 matrum
481 1382 656 1444 comitumque
670 1390 813 1444 catervam,

138 1486 289 1535 suspensam
302 1472 417 1532 gaudens
431 1471 458 1517 iu
472 1485 579 1533 corpore
592 1471 682 1519 ludere
696 1482 798 1524 vestem
902 1526 905 1533 ,

71 1568 117 1611 145
139 1569 164 1610 ct
176 1561 288 1608 tumidos
301 1560 415 1620 agitante
429 1559 499 1607 sinus
513 1560 635 1622 aquilone
648 1561 785 1611 relaxans.
900 1542 904 1643 i

139 1651 249 1699 necdum
263 1650 340 1697 ctiam
353 1655 437 1696 castos
450 1655 596 1708 gustaverat
609 1648 676 1708 ignis
692 1649 818 1711 honorae,

139 1740 249 1788 necdum
262 1737 381 1785 sollemni
395 1737 499 1798 lympha
512 1736 615 1798 perfusa
628 1738 753 1787 sacerdos
894 1710 902 1802 ,Ι

139 1828 259 1892 pallentis
273 1827 342 1874 soliis
356 1833 432 1887 caput
445 1833 583 1872 exornarat
596 1825 689 1883 olivae,

138 1933 196 1965 cum
211 1918 309 1978 lapsae
323 1915 441 1963 manibus
455 1914 521 1973 sugit
534 1915 587 1974 pila
601 1929 712 1975 cumque
728 1919 832 1980 relapsa

71 2013 119 2056 150
139 2004 266 2068 procurrit
279 2004 359 2063 virgo.
387 2003 456 2064 quod
471 2004 506 2049 uti
521 2017 553 2049 ne
567 2002 750 2063 proditarum>

138 2102 255 2144 auratam
268 2093 357 2153 gracili
372 2093 489 2139 solvisscs
504 2105 611 2152 corpore
625 2092 740 2152 pallum!

139 2183 226 2230 omnia
240 2196 305 2243 quac
319 2181 427 2227 retinere
440 2180 550 2239 gradum
564 2194 704 2241 cursusque
720 2186 819 2233 morari

137 2279 243 2334 possunt
256 2285 271 2316 0
285 2277 368 2316 tecum
382 2269 473 2315 vollem
487 2276 512 2314 tu
527 2283 627 2329 semper
640 2267 770 2320 haberes:

70 2454 118 2498 155
138 2448 246 2498 urcurlo,
263 2447 361 2497 irilclix,
378 2446 535 2506 nequiquam
550 2454 606 2491 tura
620 2444 730 2506 plassea.

890 2113 896 2135 1

138 2374 189 2406 non
204 2373 327 2419 umquam
340 2357 434 2405 violata
449 2371 526 2403 mauu
541 2357 655 2404 Sacraria
668 2359 747 2408 ‹livac
883 2138 898 2633 ΙΙ

138 2545 162 2584 et
175 2536 256 2598 siquis
270 2536 388 2581 nocuisse
402 2534 445 2580 tibi
461 2534 574 2595 periuria
587 2534 683 2592 credat,

137 2640 216 2674 causa
229 2624 272 2687 pia
285 2633 338 2671 cst:
360 2622 445 2670 timuit
459 2622 529 2671 l'ratri
544 2631 567 2670 te
581 2623 718 2672 ostendere
732 2626 811 2674 luno.
883 2644 888 2668 ι

875 2673 890 2905 l

43 2684 70 2768 1
