<?xml version="1.0" encoding="UTF-8"?>
<!DOCTYPE html PUBLIC "-//W3C//DTD XHTML 1.0 Transitional//EN"
    "http://www.w3.org/TR/xhtml1/DTD/xhtml1-transitional.dtd">
<html xmlns="http://www.w3.org/1999/xhtml" xml:lang="en" lang="en">
 <head>
  <title>
</title>
<meta http-equiv="Content-Type" content="text/html;charset=utf-8" />
  <meta name='ocr-system' content='tesseract 3.04.00' />
  <meta name='ocr-capabilities' content='ocr_page ocr_carea ocr_par ocr_line ocrx_word'/>
</head>
<body>
  <div class='ocr_page' id='page_1' title='image "./pvergiliusmaro01virggoog/pvergiliusmaro01virggoog_0080.png"; bbox 0 0 1816 2956; ppageno 0'>
   <div class='ocr_carea' id='block_1_1' title="bbox 306 183 864 231">
    <p class='ocr_par' dir='ltr' id='par_1_1' title="bbox 306 183 864 231">
     <span class='ocr_line' id='line_1_1' title="bbox 306 183 864 231; baseline -0.004 0"><span class='ocrx_word' id='word_1_1' title='bbox 306 190 476 231; x_wconf 73' lang='lat' dir='ltr'>GEOBGICON</span> <span class='ocrx_word' id='word_1_2' title='bbox 494 191 581 231; x_wconf 70' lang='lat' dir='ltr'><strong>mssa</strong></span> <span class='ocrx_word' id='word_1_3' title='bbox 598 192 629 231; x_wconf 85' lang='lat'><strong>11.</strong></span> <span class='ocrx_word' id='word_1_4' title='bbox 828 183 864 230; x_wconf 76' lang='lat' dir='ltr'><strong>&#39;Il</strong></span> 
     </span>
    </p>
   </div>
   <div class='ocr_carea' id='block_1_2' title="bbox 61 348 880 2649">
    <p class='ocr_par' dir='ltr' id='par_1_2' title="bbox 139 348 867 410">
     <span class='ocr_line' id='line_1_2' title="bbox 139 348 867 410; baseline 0 -13"><span class='ocrx_word' id='word_1_5' title='bbox 139 350 275 398; x_wconf 79' lang='lat' dir='ltr'><strong>discimus:</strong></span> <span class='ocrx_word' id='word_1_6' title='bbox 297 348 366 396; x_wconf 85' lang='lat' dir='ltr'><strong>haud</strong></span> <span class='ocrx_word' id='word_1_7' title='bbox 385 363 509 410; x_wconf 86' lang='lat' dir='ltr'><strong>umquam</strong></span> <span class='ocrx_word' id='word_1_8' title='bbox 522 349 641 397; x_wconf 81' lang='lat' dir='ltr'><strong>menibus</strong></span> <span class='ocrx_word' id='word_1_9' title='bbox 653 349 750 397; x_wconf 74' lang='lat' dir='ltr'><strong>iactata</strong></span> <span class='ocrx_word' id='word_1_10' title='bbox 764 348 867 408; x_wconf 72' lang='lat' dir='ltr'><strong>fatiscit,</strong></span> 
     </span>
    </p>

    <p class='ocr_par' dir='ltr' id='par_1_3' title="bbox 66 437 841 857">
     <span class='ocr_line' id='line_1_3' title="bbox 66 437 841 500; baseline 0 -15"><span class='ocrx_word' id='word_1_11' title='bbox 66 443 118 486; x_wconf 87' lang='grc'><strong>250</strong></span> <span class='ocrx_word' id='word_1_12' title='bbox 139 438 183 487; x_wconf 90' lang='lat' dir='ltr'><strong>sed</strong></span> <span class='ocrx_word' id='word_1_13' title='bbox 196 438 260 500; x_wconf 82' lang='lat' dir='ltr'><strong>picis</strong></span> <span class='ocrx_word' id='word_1_14' title='bbox 274 438 300 485; x_wconf 94' lang='lat' dir='ltr'><strong>in</strong></span> <span class='ocrx_word' id='word_1_15' title='bbox 314 452 412 486; x_wconf 90' lang='lat' dir='ltr'><strong>morem</strong></span> <span class='ocrx_word' id='word_1_16' title='bbox 426 438 457 485; x_wconf 87' lang='lat' dir='ltr'><strong>ad</strong></span> <span class='ocrx_word' id='word_1_17' title='bbox 471 437 566 499; x_wconf 73' lang='lat' dir='ltr'><strong>digitos</strong></span> <span class='ocrx_word' id='word_1_18' title='bbox 579 438 699 487; x_wconf 78' lang='lat' dir='ltr'><strong>lentescit</strong></span> <span class='ocrx_word' id='word_1_19' title='bbox 712 438 841 486; x_wconf 81' lang='lat' dir='ltr'><strong>habendo.</strong></span> 
     </span>
     <span class='ocr_line' id='line_1_4' title="bbox 138 527 731 589; baseline 0 -15"><span class='ocrx_word' id='word_1_20' title='bbox 138 527 226 575; x_wconf 78' lang='lat' dir='ltr'><strong>umida</strong></span> <span class='ocrx_word' id='word_1_21' title='bbox 239 528 350 576; x_wconf 89' lang='lat' dir='ltr'><strong>maiores</strong></span> <span class='ocrx_word' id='word_1_22' title='bbox 363 527 456 575; x_wconf 85' lang='lat' dir='ltr'><strong>herbas</strong></span> <span class='ocrx_word' id='word_1_23' title='bbox 470 527 524 585; x_wconf 78' lang='lat' dir='ltr'><strong>alit,</strong></span> <span class='ocrx_word' id='word_1_24' title='bbox 540 527 648 589; x_wconf 85' lang='lat' dir='ltr'><strong>ipsaque</strong></span> <span class='ocrx_word' id='word_1_25' title='bbox 662 528 731 575; x_wconf 87' lang='lat' dir='ltr'><strong>iusto</strong></span> 
     </span>
     <span class='ocr_line' id='line_1_5' title="bbox 137 615 732 665; baseline 0 -1"><span class='ocrx_word' id='word_1_26' title='bbox 137 616 237 665; x_wconf 85' lang='lat' dir='ltr'><strong>laetior.</strong></span> <span class='ocrx_word' id='word_1_27' title='bbox 266 631 281 664; x_wconf 86' lang='lat' dir='ltr'><strong>a</strong></span> <span class='ocrx_word' id='word_1_28' title='bbox 294 616 402 663; x_wconf 90' lang='lat' dir='ltr'><strong>nimium</strong></span> <span class='ocrx_word' id='word_1_29' title='bbox 415 630 448 663; x_wconf 90' lang='lat' dir='ltr'><strong>ne</strong></span> <span class='ocrx_word' id='word_1_30' title='bbox 461 615 494 663; x_wconf 80' lang='lat' dir='ltr'><strong>sit</strong></span> <span class='ocrx_word' id='word_1_31' title='bbox 506 615 568 663; x_wconf 84' lang='lat' dir='ltr'><strong>inihi</strong></span> <span class='ocrx_word' id='word_1_32' title='bbox 582 615 672 664; x_wconf 87' lang='lat' dir='ltr'><strong>fertilis</strong></span> <span class='ocrx_word' id='word_1_33' title='bbox 685 616 732 664; x_wconf 84' lang='lat' dir='ltr'><strong>illa</strong></span> 
     </span>
     <span class='ocr_line' id='line_1_6' title="bbox 137 705 759 767; baseline -0.002 -14"><span class='ocrx_word' id='word_1_34' title='bbox 137 719 188 754; x_wconf 90' lang='lat' dir='ltr'><strong>neu</strong></span> <span class='ocrx_word' id='word_1_35' title='bbox 200 720 227 754; x_wconf 86' lang='lat' dir='ltr'><strong>se</strong></span> <span class='ocrx_word' id='word_1_36' title='bbox 239 705 415 767; x_wconf 85' lang='lat' dir='ltr'><strong>praevalidam</strong></span> <span class='ocrx_word' id='word_1_37' title='bbox 427 705 516 767; x_wconf 89' lang='lat' dir='ltr'><strong>primis</strong></span> <span class='ocrx_word' id='word_1_38' title='bbox 530 706 649 753; x_wconf 83' lang='lat' dir='ltr'><strong>ostendat</strong></span> <span class='ocrx_word' id='word_1_39' title='bbox 661 705 759 754; x_wconf 79' lang='lat' dir='ltr'><strong>aristis!</strong></span> 
     </span>
     <span class='ocr_line' id='line_1_7' title="bbox 137 793 817 857; baseline -0.003 -14"><span class='ocrx_word' id='word_1_40' title='bbox 137 808 205 857; x_wconf 80' lang='lat' dir='ltr'><strong>quae</strong></span> <span class='ocrx_word' id='word_1_41' title='bbox 218 795 302 856; x_wconf 84' lang='lat' dir='ltr'><strong>gravis</strong></span> <span class='ocrx_word' id='word_1_42' title='bbox 316 802 354 842; x_wconf 83' lang='lat' dir='ltr'><strong>est</strong></span> <span class='ocrx_word' id='word_1_43' title='bbox 366 793 422 856; x_wconf 90' lang='lat' dir='ltr'><strong>ipso</strong></span> <span class='ocrx_word' id='word_1_44' title='bbox 436 794 541 842; x_wconf 76' lang='lat' dir='ltr'>tacitam</span> <span class='ocrx_word' id='word_1_45' title='bbox 554 808 581 842; x_wconf 89' lang='lat' dir='ltr'><strong>se</strong></span> <span class='ocrx_word' id='word_1_46' title='bbox 594 795 708 856; x_wconf 91' lang='lat' dir='ltr'><strong>pondere</strong></span> <span class='ocrx_word' id='word_1_47' title='bbox 722 794 817 857; x_wconf 81' lang='lat' dir='ltr'><strong>prodit,</strong></span> 
     </span>
    </p>

    <p class='ocr_par' dir='ltr' id='par_1_4' title="bbox 64 882 867 947">
     <span class='ocr_line' id='line_1_8' title="bbox 64 882 867 947; baseline -0.001 -16"><span class='ocrx_word' id='word_1_48' title='bbox 64 888 115 931; x_wconf 91' lang='grc'><strong>255</strong></span> <span class='ocrx_word' id='word_1_49' title='bbox 137 897 255 947; x_wconf 83' lang='lat' dir='ltr'><strong>quaeque</strong></span> <span class='ocrx_word' id='word_1_50' title='bbox 275 883 345 931; x_wconf 82' lang='lat' dir='ltr'><strong>levis.</strong></span> <span class='ocrx_word' id='word_1_51' title='bbox 384 892 533 946; x_wconf 88' lang='lat' dir='ltr'><strong>promptum</strong></span> <span class='ocrx_word' id='word_1_52' title='bbox 550 892 588 931; x_wconf 87' lang='lat' dir='ltr'><strong>est</strong></span> <span class='ocrx_word' id='word_1_53' title='bbox 606 884 688 931; x_wconf 86' lang='lat' dir='ltr'><strong>oeulis</strong></span> <span class='ocrx_word' id='word_1_54' title='bbox 705 882 867 946; x_wconf 79' lang='lat' dir='ltr'><strong>praediscere</strong></span> 
     </span>
    </p>

    <p class='ocr_par' dir='ltr' id='par_1_5' title="bbox 135 971 846 1377">
     <span class='ocr_line' id='line_1_9' title="bbox 438 971 548 1033; baseline 0.009 -15"><span class='ocrx_word' id='word_1_55' title='bbox 438 971 548 1033; x_wconf 80' lang='lat' dir='ltr'>nigram,</span> 
     </span>
     <span class='ocr_line' id='line_1_10' title="bbox 136 1060 846 1124; baseline -0.006 -14"><span class='ocrx_word' id='word_1_56' title='bbox 136 1061 231 1124; x_wconf 85' lang='lat' dir='ltr'><strong>etquis</strong></span> <span class='ocrx_word' id='word_1_57' title='bbox 245 1061 286 1109; x_wconf 90' lang='lat' dir='ltr'><strong>cui</strong></span> <span class='ocrx_word' id='word_1_58' title='bbox 300 1062 381 1109; x_wconf 87' lang='lat' dir='ltr'><strong>color.</strong></span> <span class='ocrx_word' id='word_1_59' title='bbox 412 1070 438 1108; x_wconf 82' lang='lat' dir='ltr'><strong>nt</strong></span> <span class='ocrx_word' id='word_1_60' title='bbox 451 1062 605 1109; x_wconf 85' lang='lat' dir='ltr'><strong>sceleratum</strong></span> <span class='ocrx_word' id='word_1_61' title='bbox 618 1061 752 1122; x_wconf 82' lang='lat' dir='ltr'><strong>exquirere</strong></span> <span class='ocrx_word' id='word_1_62' title='bbox 765 1060 846 1122; x_wconf 81' lang='lat' dir='ltr'><strong>frigus</strong></span> 
     </span>
     <span class='ocr_line' id='line_1_11' title="bbox 135 1149 783 1212; baseline 0 -14"><span class='ocrx_word' id='word_1_63' title='bbox 135 1149 240 1198; x_wconf 88' lang='lat' dir='ltr'><strong>difficile</strong></span> <span class='ocrx_word' id='word_1_64' title='bbox 254 1157 306 1198; x_wconf 82' lang='lat' dir='ltr'><strong>est:</strong></span> <span class='ocrx_word' id='word_1_65' title='bbox 328 1150 417 1211; x_wconf 82' lang='lat' dir='ltr'><strong>piceae</strong></span> <span class='ocrx_word' id='word_1_66' title='bbox 430 1157 530 1197; x_wconf 80' lang='lat' dir='ltr'><strong>tontum</strong></span> <span class='ocrx_word' id='word_1_67' title='bbox 543 1150 648 1212; x_wconf 85' lang='lat' dir='ltr'><strong>taxique</strong></span> <span class='ocrx_word' id='word_1_68' title='bbox 662 1157 783 1198; x_wconf 75' lang='lat' dir='ltr'><strong>nocentes</strong></span> 
     </span>
     <span class='ocr_line' id='line_1_12' title="bbox 135 1226 808 1301; baseline -0.001 -15"><span class='ocrx_word' id='word_1_69' title='bbox 135 1239 264 1286; x_wconf 80' lang='lat' dir='ltr'><strong>interdum</strong></span> <span class='ocrx_word' id='word_1_70' title='bbox 278 1246 323 1287; x_wconf 84' lang='lat' dir='ltr'><strong>aut</strong></span> <span class='ocrx_word' id='word_1_71' title='bbox 335 1238 445 1286; x_wconf 83' lang='lat' dir='ltr'><strong>hederae</strong></span> <span class='ocrx_word' id='word_1_72' title='bbox 458 1240 576 1301; x_wconf 81' lang='lat' dir='ltr'><strong>paridunt</strong></span> <span class='ocrx_word' id='word_1_73' title='bbox 588 1226 697 1301; x_wconf 82' lang='lat' dir='ltr'><strong>vestigia</strong></span> <span class='ocrx_word' id='word_1_74' title='bbox 709 1241 808 1300; x_wconf 85' lang='lat' dir='ltr'><strong>nigrae.</strong></span> 
     </span>
     <span class='ocr_line' id='line_1_13' title="bbox 170 1327 830 1377; baseline 0 -2"><span class='ocrx_word' id='word_1_75' title='bbox 170 1327 217 1375; x_wconf 87' lang='lat' dir='ltr'><strong>His</strong></span> <span class='ocrx_word' id='word_1_76' title='bbox 230 1328 414 1375; x_wconf 76' lang='lat' dir='ltr'><strong>animadversis</strong></span> <span class='ocrx_word' id='word_1_77' title='bbox 428 1335 521 1375; x_wconf 87' lang='lat' dir='ltr'><strong>terram</strong></span> <span class='ocrx_word' id='word_1_78' title='bbox 534 1329 615 1376; x_wconf 81' lang='lat' dir='ltr'><strong>multo</strong></span> <span class='ocrx_word' id='word_1_79' title='bbox 629 1335 688 1377; x_wconf 88' lang='lat' dir='ltr'><strong>ante</strong></span> <span class='ocrx_word' id='word_1_80' title='bbox 701 1335 830 1377; x_wconf 82' lang='lat' dir='ltr'><strong>memento</strong></span> 
     </span>
    </p>

    <p class='ocr_par' dir='ltr' id='par_1_6' title="bbox 62 1417 861 1835">
     <span class='ocr_line' id='line_1_14' title="bbox 62 1417 861 1478; baseline 0.003 -14"><span class='ocrx_word' id='word_1_81' title='bbox 62 1421 115 1465; x_wconf 86' lang='grc'><strong>260</strong></span> <span class='ocrx_word' id='word_1_82' title='bbox 135 1430 279 1478; x_wconf 88' lang='lat' dir='ltr'><strong>excoquere</strong></span> <span class='ocrx_word' id='word_1_83' title='bbox 293 1424 317 1464; x_wconf 89' lang='lat' dir='ltr'><strong>et</strong></span> <span class='ocrx_word' id='word_1_84' title='bbox 330 1431 438 1477; x_wconf 84' lang='lat' dir='ltr'><strong>magnos</strong></span> <span class='ocrx_word' id='word_1_85' title='bbox 452 1417 585 1465; x_wconf 85' lang='lat' dir='ltr'><strong>scrobibus</strong></span> <span class='ocrx_word' id='word_1_86' title='bbox 599 1418 734 1466; x_wconf 87' lang='lat' dir='ltr'><strong>concidere</strong></span> <span class='ocrx_word' id='word_1_87' title='bbox 752 1424 861 1475; x_wconf 83' lang='lat' dir='ltr'><strong>montes,</strong></span> 
     </span>
     <span class='ocr_line' id='line_1_15' title="bbox 135 1506 746 1568; baseline 0.003 -16"><span class='ocrx_word' id='word_1_88' title='bbox 135 1513 195 1553; x_wconf 86' lang='lat' dir='ltr'><strong>ante</strong></span> <span class='ocrx_word' id='word_1_89' title='bbox 208 1506 340 1568; x_wconf 81' lang='lat' dir='ltr'><strong>supinatas</strong></span> <span class='ocrx_word' id='word_1_90' title='bbox 354 1506 471 1567; x_wconf 89' lang='lat' dir='ltr'><strong>aquiloni</strong></span> <span class='ocrx_word' id='word_1_91' title='bbox 485 1508 618 1555; x_wconf 77' lang='lat' dir='ltr'><strong>ostendere</strong></span> <span class='ocrx_word' id='word_1_92' title='bbox 631 1506 746 1568; x_wconf 79' lang='lat' dir='ltr'><strong>glaebas,</strong></span> 
     </span>
     <span class='ocr_line' id='line_1_16' title="bbox 136 1595 829 1658; baseline 0.001 -16"><span class='ocrx_word' id='word_1_93' title='bbox 136 1609 215 1656; x_wconf 82' lang='lat' dir='ltr'><strong>quam</strong></span> <span class='ocrx_word' id='word_1_94' title='bbox 228 1595 324 1643; x_wconf 85' lang='lat' dir='ltr'><strong>laetum</strong></span> <span class='ocrx_word' id='word_1_95' title='bbox 337 1595 449 1643; x_wconf 82' lang='lat' dir='ltr'><strong>infodias</strong></span> <span class='ocrx_word' id='word_1_96' title='bbox 462 1596 519 1643; x_wconf 77' lang='lat' dir='ltr'><strong>ritis</strong></span> <span class='ocrx_word' id='word_1_97' title='bbox 533 1610 623 1657; x_wconf 78' lang='lat' dir='ltr'><strong>genus.</strong></span> <span class='ocrx_word' id='word_1_98' title='bbox 651 1596 749 1658; x_wconf 87' lang='lat' dir='ltr'><strong>optima</strong></span> <span class='ocrx_word' id='word_1_99' title='bbox 762 1596 829 1658; x_wconf 86' lang='lat' dir='ltr'><strong>putri</strong></span> 
     </span>
     <span class='ocr_line' id='line_1_17' title="bbox 135 1684 806 1746; baseline 0.001 -16"><span class='ocrx_word' id='word_1_100' title='bbox 135 1698 196 1731; x_wconf 79' lang='lat' dir='ltr'><strong>arva</strong></span> <span class='ocrx_word' id='word_1_101' title='bbox 209 1685 282 1732; x_wconf 91' lang='lat' dir='ltr'><strong>selo:</strong></span> <span class='ocrx_word' id='word_1_102' title='bbox 304 1684 329 1730; x_wconf 92' lang='lat' dir='ltr'><strong>id</strong></span> <span class='ocrx_word' id='word_1_103' title='bbox 344 1684 412 1732; x_wconf 86' lang='lat' dir='ltr'><strong>venti</strong></span> <span class='ocrx_word' id='word_1_104' title='bbox 427 1692 518 1731; x_wconf 72' lang='lat' dir='ltr'><strong>currant</strong></span> <span class='ocrx_word' id='word_1_105' title='bbox 529 1685 684 1746; x_wconf 82' lang='lat' dir='ltr'><strong>gelidaeque</strong></span> <span class='ocrx_word' id='word_1_106' title='bbox 697 1685 806 1746; x_wconf 87' lang='lat' dir='ltr'><strong>pruinae</strong></span> 
     </span>
     <span class='ocr_line' id='line_1_18' title="bbox 135 1772 756 1835; baseline 0 -15"><span class='ocrx_word' id='word_1_107' title='bbox 135 1779 160 1820; x_wconf 80' lang='lat' dir='ltr'><strong>et</strong></span> <span class='ocrx_word' id='word_1_108' title='bbox 172 1772 300 1821; x_wconf 80' lang='lat' dir='ltr'><strong>labefacta</strong></span> <span class='ocrx_word' id='word_1_109' title='bbox 312 1787 417 1821; x_wconf 86' lang='lat' dir='ltr'><strong>moveas</strong></span> <span class='ocrx_word' id='word_1_110' title='bbox 431 1773 550 1821; x_wconf 87' lang='lat' dir='ltr'><strong>robustus</strong></span> <span class='ocrx_word' id='word_1_111' title='bbox 564 1775 653 1835; x_wconf 79' lang='lat' dir='ltr'><strong>iugera</strong></span> <span class='ocrx_word' id='word_1_112' title='bbox 666 1773 756 1821; x_wconf 84' lang='lat' dir='ltr'><strong>fossor.</strong></span> 
     </span>
    </p>

    <p class='ocr_par' dir='ltr' id='par_1_7' title="bbox 61 1861 872 2281">
     <span class='ocr_line' id='line_1_19' title="bbox 61 1861 730 1924; baseline 0 -16"><span class='ocrx_word' id='word_1_113' title='bbox 61 1866 115 1909; x_wconf 88' lang='grc'><strong>265</strong></span> <span class='ocrx_word' id='word_1_114' title='bbox 135 1868 162 1908; x_wconf 86' lang='lat' dir='ltr'><strong>at</strong></span> <span class='ocrx_word' id='word_1_115' title='bbox 175 1861 264 1924; x_wconf 89' lang='lat' dir='ltr'><strong>siquos</strong></span> <span class='ocrx_word' id='word_1_116' title='bbox 277 1861 346 1909; x_wconf 90' lang='lat' dir='ltr'><strong>haud</strong></span> <span class='ocrx_word' id='word_1_117' title='bbox 359 1862 415 1910; x_wconf 84' lang='lat' dir='ltr'><strong>ulle</strong></span> <span class='ocrx_word' id='word_1_118' title='bbox 427 1863 495 1910; x_wconf 87' lang='lat' dir='ltr'><strong>viros</strong></span> <span class='ocrx_word' id='word_1_119' title='bbox 508 1863 643 1924; x_wconf 85' lang='lat' dir='ltr'><strong>vigilantia</strong></span> <span class='ocrx_word' id='word_1_120' title='bbox 657 1862 730 1923; x_wconf 76' lang='lat' dir='ltr'><strong>sugit,</strong></span> 
     </span>
     <span class='ocr_line' id='line_1_20' title="bbox 134 1940 872 2014; baseline -0.003 -16"><span class='ocrx_word' id='word_1_121' title='bbox 134 1957 194 1999; x_wconf 87' lang='lat' dir='ltr'><strong>ante</strong></span> <span class='ocrx_word' id='word_1_122' title='bbox 208 1951 296 1998; x_wconf 88' lang='lat' dir='ltr'><strong>locum</strong></span> <span class='ocrx_word' id='word_1_123' title='bbox 308 1950 419 1999; x_wconf 88' lang='lat' dir='ltr'><strong>similem</strong></span> <span class='ocrx_word' id='word_1_124' title='bbox 432 1950 572 2013; x_wconf 83' lang='lat' dir='ltr'><strong>exquirunt</strong></span> <span class='ocrx_word' id='word_1_125' title='bbox 584 1951 627 1998; x_wconf 93' lang='lat' dir='ltr'><strong>ubi</strong></span> <span class='ocrx_word' id='word_1_126' title='bbox 641 1951 724 2014; x_wconf 85' lang='lat' dir='ltr'><strong>prima</strong></span> <span class='ocrx_word' id='word_1_127' title='bbox 736 1958 840 2013; x_wconf 86' lang='lat' dir='ltr'><strong>paretur</strong></span> <span class='ocrx_word' id='word_1_128' title='bbox 869 1940 872 1945; x_wconf 56' lang='grc'><strong><em>’</em></strong></span> 
     </span>
     <span class='ocr_line' id='line_1_21' title="bbox 134 2038 762 2102; baseline -0.002 -14"><span class='ocrx_word' id='word_1_129' title='bbox 134 2038 269 2088; x_wconf 83' lang='lat' dir='ltr'><strong>arboribus</strong></span> <span class='ocrx_word' id='word_1_130' title='bbox 282 2054 355 2102; x_wconf 87' lang='lat' dir='ltr'><strong>seges</strong></span> <span class='ocrx_word' id='word_1_131' title='bbox 369 2047 458 2102; x_wconf 84' lang='lat' dir='ltr'><strong>etque</strong></span> <span class='ocrx_word' id='word_1_132' title='bbox 472 2054 533 2087; x_wconf 89' lang='lat' dir='ltr'><strong>mox</strong></span> <span class='ocrx_word' id='word_1_133' title='bbox 546 2040 645 2102; x_wconf 83' lang='lat' dir='ltr'><strong>digesta</strong></span> <span class='ocrx_word' id='word_1_134' title='bbox 658 2040 762 2098; x_wconf 81' lang='lat' dir='ltr'><strong>feratur,</strong></span> 
     </span>
     <span class='ocr_line' id='line_1_22' title="bbox 133 2128 777 2190; baseline 0 -13"><span class='ocrx_word' id='word_1_135' title='bbox 133 2136 260 2177; x_wconf 82' lang='lat' dir='ltr'><strong>mutatam</strong></span> <span class='ocrx_word' id='word_1_136' title='bbox 273 2128 394 2190; x_wconf 75' lang='lat' dir='ltr'><strong>ignorent</strong></span> <span class='ocrx_word' id='word_1_137' title='bbox 405 2128 490 2176; x_wconf 85' lang='lat' dir='ltr'><strong>subito</strong></span> <span class='ocrx_word' id='word_1_138' title='bbox 504 2144 536 2177; x_wconf 86' lang='lat' dir='ltr'><strong>ne</strong></span> <span class='ocrx_word' id='word_1_139' title='bbox 549 2130 648 2178; x_wconf 72' lang='lat' dir='ltr'><strong>semina</strong></span> <span class='ocrx_word' id='word_1_140' title='bbox 661 2139 777 2179; x_wconf 85' lang='lat' dir='ltr'><strong>matrem.</strong></span> 
     </span>
     <span class='ocr_line' id='line_1_23' title="bbox 134 2217 783 2281; baseline 0.002 -16"><span class='ocrx_word' id='word_1_141' title='bbox 134 2217 198 2281; x_wconf 89' lang='lat' dir='ltr'><strong>quin</strong></span> <span class='ocrx_word' id='word_1_142' title='bbox 211 2218 288 2266; x_wconf 84' lang='lat' dir='ltr'><strong>etiam</strong></span> <span class='ocrx_word' id='word_1_143' title='bbox 302 2218 367 2266; x_wconf 85' lang='lat' dir='ltr'><strong>caeli</strong></span> <span class='ocrx_word' id='word_1_144' title='bbox 380 2218 513 2280; x_wconf 83' lang='lat' dir='ltr'><strong>regionem</strong></span> <span class='ocrx_word' id='word_1_145' title='bbox 525 2219 550 2266; x_wconf 92' lang='lat' dir='ltr'><strong>in</strong></span> <span class='ocrx_word' id='word_1_146' title='bbox 565 2219 659 2267; x_wconf 84' lang='lat' dir='ltr'><strong>cortice</strong></span> <span class='ocrx_word' id='word_1_147' title='bbox 672 2219 783 2281; x_wconf 82' lang='lat' dir='ltr'><strong>signant,</strong></span> 
     </span>
    </p>

    <p class='ocr_par' dir='ltr' id='par_1_8' title="bbox 62 2307 880 2649">
     <span class='ocr_line' id='line_1_24' title="bbox 62 2307 835 2370; baseline 0 -16"><span class='ocrx_word' id='word_1_148' title='bbox 62 2311 94 2357; x_wconf 82' lang='grc'><strong>27</strong></span> <span class='ocrx_word' id='word_1_149' title='bbox 98 2313 115 2356; x_wconf 86' lang='grc'><strong>0</strong></span> <span class='ocrx_word' id='word_1_150' title='bbox 133 2314 164 2355; x_wconf 85' lang='lat' dir='ltr'><strong>ut</strong></span> <span class='ocrx_word' id='word_1_151' title='bbox 176 2321 228 2370; x_wconf 86' lang='lat' dir='ltr'><strong>quo</strong></span> <span class='ocrx_word' id='word_1_152' title='bbox 241 2322 361 2369; x_wconf 87' lang='lat' dir='ltr'><strong>quaeque</strong></span> <span class='ocrx_word' id='word_1_153' title='bbox 374 2307 452 2355; x_wconf 90' lang='lat' dir='ltr'><strong>modo</strong></span> <span class='ocrx_word' id='word_1_154' title='bbox 465 2309 570 2367; x_wconf 73' lang='lat' dir='ltr'><strong>steterit,</strong></span> <span class='ocrx_word' id='word_1_155' title='bbox 587 2323 638 2370; x_wconf 92' lang='lat' dir='ltr'><strong>qua</strong></span> <span class='ocrx_word' id='word_1_156' title='bbox 650 2316 722 2370; x_wconf 88' lang='lat' dir='ltr'><strong>parte</strong></span> <span class='ocrx_word' id='word_1_157' title='bbox 736 2309 835 2356; x_wconf 88' lang='lat' dir='ltr'><strong>calores</strong></span> 
     </span>
     <span class='ocr_line' id='line_1_25' title="bbox 134 2396 756 2459; baseline -0.003 -15"><span class='ocrx_word' id='word_1_158' title='bbox 134 2396 264 2444; x_wconf 81' lang='lat' dir='ltr'><strong>austrinos</strong></span> <span class='ocrx_word' id='word_1_159' title='bbox 278 2397 374 2455; x_wconf 85' lang='lat' dir='ltr'><strong>tulerit,</strong></span> <span class='ocrx_word' id='word_1_160' title='bbox 391 2412 457 2459; x_wconf 88' lang='lat' dir='ltr'><strong>quae</strong></span> <span class='ocrx_word' id='word_1_161' title='bbox 470 2407 543 2459; x_wconf 79' lang='lat' dir='ltr'><strong>terga</strong></span> <span class='ocrx_word' id='word_1_162' title='bbox 556 2397 692 2445; x_wconf 81' lang='lat' dir='ltr'><strong>obverterit</strong></span> <span class='ocrx_word' id='word_1_163' title='bbox 705 2397 756 2452; x_wconf 73' lang='lat' dir='ltr'><strong>aui,</strong></span> 
     </span>
     <span class='ocr_line' id='line_1_26' title="bbox 133 2486 880 2550; baseline -0.007 -17"><span class='ocrx_word' id='word_1_164' title='bbox 133 2486 285 2534; x_wconf 77' lang='lat' dir='ltr'><strong>restituent:</strong></span> <span class='ocrx_word' id='word_1_165' title='bbox 307 2486 373 2550; x_wconf 82' lang='lat' dir='ltr'><strong>adeo</strong></span> <span class='ocrx_word' id='word_1_166' title='bbox 388 2486 416 2534; x_wconf 89' lang='lat' dir='ltr'><strong>in</strong></span> <span class='ocrx_word' id='word_1_167' title='bbox 432 2487 525 2538; x_wconf 86' lang='lat' dir='ltr'><strong>teneris</strong></span> <span class='ocrx_word' id='word_1_168' title='bbox 539 2502 715 2539; x_wconf 85' lang='lat' dir='ltr'><strong>consuescere</strong></span> <span class='ocrx_word' id='word_1_169' title='bbox 726 2486 880 2535; x_wconf 63' lang='lat' dir='ltr'><strong>malannum.</strong></span> 
     </span>
     <span class='ocr_line' id='line_1_27' title="bbox 124 2572 772 2649; baseline 0.014 -28"><span class='ocrx_word' id='word_1_170' title='bbox 124 2572 234 2617; x_wconf 77' lang='lat' dir='ltr'><strong>collibus</strong></span> <span class='ocrx_word' id='word_1_171' title='bbox 245 2588 280 2619; x_wconf 81' lang='lat' dir='ltr'><strong>an</strong></span> <span class='ocrx_word' id='word_1_172' title='bbox 290 2574 374 2634; x_wconf 86' lang='lat' dir='ltr'><strong>plano</strong></span> <span class='ocrx_word' id='word_1_173' title='bbox 388 2578 488 2630; x_wconf 89' lang='lat' dir='ltr'><strong>melius</strong></span> <span class='ocrx_word' id='word_1_174' title='bbox 503 2582 538 2632; x_wconf 83' lang='lat' dir='ltr'><strong>sit</strong></span> <span class='ocrx_word' id='word_1_175' title='bbox 552 2597 662 2649; x_wconf 86' lang='lat' dir='ltr'><strong>ponere</strong></span> <span class='ocrx_word' id='word_1_176' title='bbox 672 2581 772 2639; x_wconf 69' lang='lat' dir='ltr'><strong>nibem,</strong></span> 
     </span>
    </p>
   </div>
   <div class='ocr_carea' id='block_1_3' title="bbox 108 2660 888 2741">
    <p class='ocr_par' dir='ltr' id='par_1_9' title="bbox 108 2660 888 2741">
     <span class='ocr_line' id='line_1_28' title="bbox 108 2660 888 2741; baseline 0.04 -44"><span class='ocrx_word' id='word_1_177' title='bbox 108 2669 204 2712; x_wconf 79' lang='lat' dir='ltr'><strong>quaere</strong></span> <span class='ocrx_word' id='word_1_178' title='bbox 212 2660 297 2717; x_wconf 84' lang='lat' dir='ltr'><strong>prius.</strong></span> <span class='ocrx_word' id='word_1_179' title='bbox 328 2664 352 2712; x_wconf 86' lang='lat' dir='ltr'><strong>si</strong></span> <span class='ocrx_word' id='word_1_180' title='bbox 362 2668 484 2734; x_wconf 81' lang='lat' dir='ltr'><strong>pinguis</strong></span> <span class='ocrx_word' id='word_1_181' title='bbox 501 2692 591 2741; x_wconf 85' lang='lat' dir='ltr'><strong>agros</strong></span> <span class='ocrx_word' id='word_1_182' title='bbox 603 2674 761 2727; x_wconf 68' lang='lat' dir='ltr'><strong>metabere</strong></span> <span class='ocrx_word' id='word_1_183' title='bbox 773 2663 888 2727; x_wconf 55' lang='lat' dir='ltr'><strong>qnmp&#39;x,</strong></span> 
     </span>
    </p>
   </div>
   <div class='ocr_carea' id='block_1_4' title="bbox 0 0 912 2956">
    <p class='ocr_par' dir='ltr' id='par_1_10' title="bbox 0 0 912 2956">
     <span class='ocr_line' id='line_1_29' title="bbox 0 0 912 2956; baseline 0 2"><span class='ocrx_word' id='word_1_184' title='bbox 0 0 912 2956; x_wconf 95' lang='lat' dir='ltr'><strong> </strong></span> 
     </span>
    </p>
   </div>
  </div>
 </body>
</html>
