1816 2956
62 180 123 226 404
300 187 326 225 Ρ.
344 185 465 224 VERGlLl
485 183 616 224 Manorus

132 345 281 392 stridentem
294 342 402 389 fundam
416 341 505 404 positis
518 341 659 389 Mezentius
673 340 754 388 hastis
811 342 814 350 '

131 433 186 494 ipse
199 439 237 479 ter
250 431 363 479 adducta
376 432 474 479 circum
487 437 564 492 caput
577 430 630 490 egit
642 429 745 477 habena

61 526 112 568 585
132 529 157 568 et
169 520 255 568 media
268 521 366 568 adversi
381 519 520 582 liquefacto
534 527 651 579 tempora
665 517 772 580 plumbo

132 608 226 656 diffidit
239 623 269 656 ao
282 610 363 657 multa
375 615 522 670 porrectum
536 606 651 654 extendit
663 605 770 654 harena.

166 697 234 744 Tum
247 697 358 759 primum
376 696 444 744 bello
459 696 568 744 celerem
585 695 727 743 intendisse
741 695 836 756 sagitta

132 785 233 844 dieitur,
250 793 309 834 ante
323 785 389 833 feras
403 784 494 831 solitus
507 791 601 832 terrere
614 783 729 844 fugaces,

132 875 259 922 Ascanius
273 873 416 935 fortemque
428 887 507 919 manu
520 871 617 919 fudisse
630 870 790 930 Numanum,

61 968 113 1011 590
133 963 173 1011 cui
187 961 297 1010 Remulo
311 975 455 1022 cognomen
469 967 524 1009 erat
536 960 670 1022 Turnique
683 961 813 1008 minorem

132 1064 282 1112 germanam
295 1063 377 1111 nuper
389 1049 505 1096 thalamo
519 1049 631 1096 sociatus
644 1048 767 1097 habebat.

133 1140 153 1187 is
167 1139 277 1201 primam
291 1143 349 1184 ante
363 1138 444 1185 aciem
458 1138 538 1198 digna
551 1144 627 1199 atque
640 1137 749 1198 indigna
762 1139 836 1186 relat

132 1227 275 1276 vociferans
289 1226 454 1288 tumidusque
467 1240 533 1273 novo
546 1225 699 1288 praecordia
712 1240 796 1288 regno

132 1316 187 1364 ibat
200 1323 225 1363 et
237 1316 368 1376 ingentem
382 1329 436 1363 sese
450 1315 562 1362 elamore
575 1314 688 1362 ferebat:

63 1411 113 1454 595
130 1395 194 1452 ‘non
208 1405 288 1466 pudet
300 1403 435 1451 obsidione
448 1403 540 1450 iterum
554 1403 674 1464 valloque
687 1403 779 1461 teneri,

133 1493 172 1540 bis
187 1493 253 1555 eapti
267 1492 392 1553 Phryges,
408 1499 432 1538 et
445 1491 520 1538 morti
535 1491 702 1552 praetendere
716 1493 825 1539 muros?

134 1597 166 1630 en
180 1582 223 1644 qui
237 1587 324 1628 nostra
337 1579 385 1626 sibi
400 1579 469 1626 bello
484 1579 595 1627 conubia
607 1580 733 1641 poscunt!

134 1671 191 1733 quis
205 1671 266 1717 deus
280 1669 392 1726 Italiam,
409 1683 475 1730 quae
488 1683 532 1715 vos
547 1668 675 1716 dementia
688 1669 796 1729 adegit?

133 1774 186 1807 non
199 1759 242 1806 hio
255 1757 363 1805 Atridae
377 1771 423 1804 nee
437 1757 507 1804 sandi
522 1758 594 1804 fictor
607 1757 704 1804 Ulixes.

64 1854 114 1896 600
135 1849 226 1894 durum
240 1845 271 1892 ab
286 1846 364 1907 stirpe
377 1860 458 1906 genus
472 1853 546 1892 natos
561 1846 592 1892 ad
607 1845 713 1891 flumina
727 1847 836 1907 primun

135 1936 272 1983 deserimus
286 1949 413 1996 saevoque
426 1934 486 1994 gelu
501 1934 622 1980 duramus
637 1940 662 1980 et
674 1935 768 1992 undis;

134 2031 226 2072 venatu
240 2022 376 2083 invigilant
388 2022 460 2084 pueri
474 2022 602 2083 silvasque
616 2022 743 2082 fatigant3

134 2113 234 2159 flectere
248 2112 324 2159 ludus
338 2125 417 2172 equos
431 2117 456 2157 et
469 2111 568 2172 spicula
581 2111 685 2158 tendere
699 2125 792 2158 cornu.

135 2208 161 2247 at
174 2200 273 2262 patiens
288 2214 394 2261 operum
407 2214 537 2261 parvoque
552 2200 657 2246 adsueta
670 2199 790 2247 iuventus

64 2294 113 2336 605
134 2297 179 2337 aut
191 2288 278 2336 rastris
293 2295 386 2335 terram
401 2288 489 2334 domat
502 2295 546 2334 aut
559 2288 641 2349 quatit
654 2288 751 2349 oppida
765 2288 836 2336 bello

134 2392 210 2425 omne
224 2392 313 2425 aevom
326 2377 393 2425 ferro
408 2377 496 2424 teritur
509 2391 631 2438 versaque
645 2376 783 2424 iuvencum

130 2475 204 2532 terga
218 2465 357 2531 fatigamus
371 2465 454 2524 hasta,
469 2480 516 2512 nee
530 2466 601 2511 tarda
615 2472 733 2512 senectus

119 2561 247 2614 debilitat
261 2562 330 2614 vires
347 2559 431 2611 animi
445 2563 581 2617 mutatque
591 2554 716 2613 uigorem„

108 2656 244 2711 oanitiern
260 2661 348 2726 galea
363 2652 529 2724 premimus,
545 2638 823 2706 semperrperaoentxs
