1816 2956
247 189 395 230 nanarnos
420 191 508 229 aman
523 191 564 230 vr.
743 186 805 234 30⁷

77 348 184 394 inminet
198 348 340 406 adsimilis3
362 348 448 395 lucent
460 348 606 408 genialibus
620 350 679 396 altis

78 451 155 484 aurea
168 436 252 484 fulcra
265 437 336 495 toris,
352 437 496 498 epulaeque
510 445 569 485 ante
583 453 629 484 ora
642 447 748 500 paratae

29 529 56 571 35
77 525 182 586 regifico
197 526 276 583 luxu;
296 525 433 573 Furiarum
445 525 561 573 maxima
573 527 646 574 iuxta

77 613 186 661 accubat
198 621 223 661 et
236 614 355 661 manibus
368 613 488 676 prohibet
501 616 650 677 contingere
663 630 765 665 mensas

77 702 229 764 exurgitque
242 702 327 750 facem
339 703 459 751 attollens
473 710 551 766 atque
564 704 667 752 intonat
679 719 732 754 ore.

77 791 119 838 hie
133 791 226 853 quibus
239 791 313 838 invisi
328 791 427 849 iratres,
444 792 505 838 dum
519 792 571 839 vita
582 792 713 852 manebat,

77 880 225 942 pulsatusve
238 894 331 941 parens
345 887 370 928 et
382 879 452 927 fraus
465 880 562 928 innexa
575 881 672 940 clienti,

29 974 57 1016 10
78 976 122 1016 aut
135 969 178 1031 qui
192 969 287 1015 divitiis
300 969 348 1016 soli
362 967 502 1017 incubuere
516 970 622 1031 repertis

77 1071 125 1104 nec
139 1064 237 1119 partem
251 1071 360 1120 posuere
373 1057 425 1105 suis
439 1055 518 1119 (quae
531 1059 646 1105 maxime
659 1058 780 1122 turbant),

77 1146 173 1208 quique
187 1146 219 1193 ob
234 1146 389 1193 adulterium
402 1146 479 1204 caesi,
494 1147 592 1208 quique
604 1159 676 1194 anna
688 1147 768 1199 secuti

76 1235 158 1297 impia
170 1235 303 1283 neeveriti
316 1235 481 1282 dominorum
494 1234 585 1282 fallere
599 1235 711 1295 dextras,

75 1323 169 1371 inclusi
183 1338 294 1386 poenam
307 1328 453 1386 expectant.
481 1337 513 1370 ne
527 1337 621 1385 quaere
635 1325 721 1373 doceri

29 1417 56 1460 15
77 1427 154 1474 quarn
180 1426 290 1474 poenam
316 1419 361 1459 aut
385 1426 453 1474 quae
470 1411 553 1459 sonna
576 1413 644 1460 viros
669 1413 807 1463 fortunave
828 1458 831 1463 .

377 1501 473 1548 mersit.

75 1604 166 1636 saxum
179 1589 271 1650 ingens
283 1590 389 1637 volvont
402 1589 603 1651 alii‚=radiisque
616 1597 733 1638 rotarum

77 1678 184 1725 districti
197 1678 326 1740 pendent3
346 1679 418 1726 sedet
431 1686 615 1740 aeternumque
628 1678 729 1727 sedebit

75 1766 167 1814 infelix
180 1766 310 1825 Theseus;
330 1766 511 1829 Phlegyasque
524 1767 682 1815 miserrimus
694 1767 779 1818 omnis

74 1855 198 1901 admonet
211 1861 237 1902 et
248 1869 345 1916 magna
357 1862 465 1903 testatur
477 1869 540 1903 voce
554 1870 599 1918 per
611 1855 719 1904 umbrat

29 1947 55 1989 20
72 1931 174 1991 ‘discite
187 1943 310 1990 iustitiam
324 1943 414 1991 moniti
429 1951 454 1991 et
466 1958 519 1992 non
532 1951 645 1993 temnere
659 1936 751 1993 diuos.³

75 2031 189 2079 vendidit
209 2031 251 2079 hic
265 2046 327 2078 auro
338 2032 451 2094 patrirun
469 2033 654 2096 dominumque
671 2041 804 2098 potentem

75 2121 198 2183 inposuit,
214 2119 270 2167 fixit
283 2120 353 2182 leges
361 2121 450 2183 pretio
462 2123 654 2183 etque-roduin

75 2209 117 2256 hic
131 2208 274 2256 thalamum
287 2209 464 2258 invasitnatee
476 2211 618 2274 vetitosque
630 2211 802 2274 hymenaeon

76 2299 131 2346 ausi
146 2313 234 2347 omnes
247 2299 352 2347 inmane
364 2299 437 2348 nefas
450 2314 565 2362 ausoque
578 2301 671 2364 potiti„

29 2393 54 2435 25
76 2402 144 2446 non,
166 2388 228 2436 mihi
242 2387 263 2435 si
276 2388 383 2450 linguae
396 2395 500 2436 centum
512 2389 564 2437 sint
576 2403 674 2452 oreque
688 2395 799 2449 centum,

75 2477 158 2525 ferrea
169 2492 229 2537 vox,
245 2477 329 2526 omnis
342 2477 469 2526 scelerum
482 2478 657 2541 conprendere
670 2477 775 2536 forinas,

75 2567 163 2614 omnia
175 2581 318 2629 poenarum
330 2580 478 2629 percurrere
491 2559 726 2630 nomina-possim.³

111 2655 181 2703 Haec
194 2655 238 2703 ubi
252 2655 322 2703 dicta
335 2655 406 2703 dedit
416 2655 517 2704 Phoebi
529 2657 667 2758 longam?
676 2651 823 2703 accerbam

596 2737 642 2784 ‘ab
