1816 2956
247 167 416 208 Gnonorcon
434 167 521 206 LIBER
533 166 576 205 lll.

82 325 142 375 telis
157 333 182 373 et
193 325 249 388 ipse
261 323 348 372 iubam
362 324 458 373 cervice
472 323 562 372 effudit
575 323 670 386 equina

83 414 201 475 coniugis
214 413 324 462 adventu
337 413 430 475 pernix
443 411 569 461 Saturnus
583 420 608 461 et
621 413 701 460 altum

82 504 175 552 Pelion
188 502 290 550 hinnitu
303 502 404 563 fugiens
417 501 524 564 inplevit
536 508 621 549 acuto.

37 599 61 640 >5
119 591 195 640 Hunc
214 605 332 654 quoque,
358 590 402 638 ubi
421 598 466 638 ant
484 589 574 638 morbo
593 590 678 651 gravis
697 597 742 637 aut
760 589 812 637 iam

385 679 488 740 segnior
502 679 575 726 annis

82 768 178 827 deficit,
194 768 260 816 abde
274 767 351 815 domo
365 782 412 815 nec
426 768 494 829 turpi
509 767 615 828 ignosce
629 774 762 816 senectae:

83 857 192 918 frigidus
206 857 232 904 in
245 855 374 904 Venerem
386 856 481 913 senior,
498 855 644 918 frustraque
658 857 773 905 laborem

83 947 214 1007 ingratum
227 944 320 1003 trahit,
336 951 361 992 et
374 945 502 1006 siquando
516 946 548 992 ad
562 946 662 1007 proelia
674 953 810 1004 ventumst,

82 1041 112 1082 nt
124 1033 258 1097 quondam
270 1034 297 1081 in
311 1034 411 1096 stipulis
424 1047 534 1095 magnus
548 1034 603 1082 sine
615 1034 710 1081 viribus
723 1034 791 1095 ignis

37 1129 63 1171 to
83 1123 214 1171 incassum
227 1122 297 1170 sarit.
325 1137 387 1185 ergo
401 1123 501 1170 animos
516 1137 656 1186 aevomque
670 1123 771 1170 notabis

83 1212 238 1275 praecipue3
258 1212 319 1260 hinc
333 1212 397 1260 alias
411 1219 486 1269 artes,
502 1212 654 1274 prolemque
667 1218 810 1274 parentum,

84 1309 110 1350 et
124 1301 181 1365 quis
195 1302 290 1363 cuique
304 1301 379 1348 dolor
391 1301 467 1358 victo,
484 1315 550 1363 quae
562 1300 646 1361 gloria
658 1300 769 1362 palmae.

84 1405 172 1438 nonne
185 1391 263 1448 vides,
280 1404 339 1437 cum
350 1389 485 1451 praecipiti
500 1389 638 1437 certamine
652 1404 771 1451 campum

85 1479 232 1541 corripuere
245 1485 375 1540 ruuntque
388 1478 461 1526 effusi
476 1493 578 1526 carcere
591 1493 688 1534 currus,

37 1574 64 1616 15
85 1582 144 1616 curn
157 1581 214 1629 spes
228 1574 342 1615 arrectae
355 1567 484 1624 iuvenum,
501 1567 694 1628 exultantiaque
711 1566 796 1614 haurit

86 1658 166 1705 corda
176 1671 258 1721 pavor
270 1655 395 1718 pulsans?
420 1655 458 1702 illi
473 1655 570 1703 instant
582 1655 685 1703 verbere
699 1663 766 1702 torto

85 1753 111 1794 et
123 1745 198 1808 proni
211 1746 275 1792 dent
287 1745 352 1803 lora,
368 1744 473 1791 volatui
487 1743 597 1791 fervidus
612 1744 676 1801 axis,

85 1834 190 1897 iamque
202 1833 322 1891 humiles,
338 1833 442 1894 iamque
455 1832 514 1880 elati
529 1833 639 1881 sublime
652 1833 771 1881 videntur

86 1937 147 1970 aera
159 1937 205 1985 per
217 1936 326 1970 vacuum
339 1921 398 1970 serri
412 1929 489 1983 atque
503 1922 640 1983 adsurgcre
653 1920 679 1967 in
694 1935 778 1979 auras,

37 2018 65 2061 l0
85 2026 135 2058 nec
148 2025 228 2067 more,
245 2025 292 2058 neo
306 2010 417 2073 requies,
434 2017 460 2057 at
472 2010 557 2058 fulvae
570 2009 671 2056 nimbus
685 2009 798 2057 herenae

85 2100 195 2158 tollitur,
210 2106 345 2147 umescunt
357 2099 454 2161 spumis
467 2098 580 2161 flatuque
592 2106 760 2160 sequentum:

86 2195 173 2237 tentus
187 2202 259 2236 amor
272 2188 387 2246 laudum,
404 2195 490 2236 tantae
503 2196 542 2235 est
554 2188 661 2235 victoria
674 2203 759 2236 curae.

85 2278 184 2341 primus
197 2276 381 2325 Erichthonius
395 2292 483 2324 currus
497 2283 656 2339 etquattuor
669 2292 746 2324 ausus

86 2367 193 2428 iungere
206 2380 286 2428 equos
300 2367 457 2428 rapidusque
470 2365 533 2414 rotis
547 2365 663 2414 insistere
676 2367 764 2414 victor.

37 2463 65 2504 15
87 2455 161 2502 frena
173 2454 331 2502 Pelethronii
345 2454 472 2516 Lapithae
486 2468 615 2518 gyrosque
629 2454 724 2502 (ledere

86 2542 191 2603 inpositi
203 2543 279 2590 dorso
292 2551 371 2606 atque
385 2545 502 2609 equitem
516 2546 635 2597 docuere
648 2544 700 2594 suh
714 2541 800 2592 arnus

69 2629 195 2675 insultare
207 2630 266 2677 solo
280 2639 307 2681 et
315 2647 429 2695 gressus
446 2641 613 2705 glomerare
626 2636 782 2703 supernos·
