1816 2956
91 168 154 217 464
333 179 359 217 r.
376 177 497 217 vnnomr
519 177 650 219 neroum

91 339 146 383 380
166 335 263 398 primus
277 335 347 381 ades.
375 335 419 382 sed
433 348 486 382 non
499 334 623 397 replenda
635 343 674 383 est
686 336 758 384 curia
771 336 868 395 verbis,

165 436 232 485 quae
245 429 300 469 tuto
319 422 365 469 tibi
379 437 475 485 magna
487 423 584 481 volant,
600 423 662 470 dum
674 422 783 472 distinet
797 424 899 474 hostem

165 524 244 572 agger
257 524 390 557 murorum
402 524 451 558 nec
463 510 591 559 inundent
605 511 732 573 sunguine
745 510 843 562 fossae.

164 598 274 661 proinde
291 605 354 646 tona
368 598 473 660 eloquio
487 597 604 661 (solitum
616 599 675 662 tibi)
689 614 784 662 meque
798 601 896 650 timoris

165 701 244 748 argue
257 694 293 745 tu,
308 687 420 744 Drance,
437 687 542 748 quando
555 694 594 734 tot
606 688 698 750 stragis
711 703 821 737 acervos

90 779 144 824 385
164 776 324 823 Teucrorum
337 783 382 822 tua
395 776 485 823 dextra
498 775 569 823 dedit
581 776 729 838 passimque
742 777 859 840 tropaeis

164 863 273 925 insignis
287 878 372 925 agros.
399 864 481 926 possit
494 864 556 926 quid
569 864 654 911 vivide
666 865 746 912 virtus

164 952 297 1014 experiare
309 951 384 999 licet:
405 966 453 1000 nec
466 952 544 1013 longe
557 951 655 1000 scilicet
667 951 753 1001 hostes

164 1040 304 1102 quaerendi
317 1039 409 1099 nobis3
430 1041 596 1088 circumstent
609 1039 723 1102 undique
737 1056 839 1093 muros.

164 1129 230 1176 imus
245 1128 271 1175 in
285 1128 424 1176 adversos?
443 1128 505 1190 quid
520 1128 620 1176 cessas?
639 1142 672 1175 an
686 1129 732 1176 tibi
746 1130 855 1181 Mavors

90 1220 144 1264 390
164 1223 269 1265 ventosa
282 1216 309 1263 in
322 1217 411 1279 lingua
424 1216 584 1279 pedibusque
596 1216 731 1278 fugacibus
744 1218 804 1268 istis

163 1319 264 1367 semper
278 1305 343 1353 erit?

163 1393 252 1456 pulsus
275 1394 341 1456 egoi
367 1400 411 1441 aut
436 1394 573 1456 quisquam
598 1393 704 1453 merito,
733 1393 896 1455 foedissime,

464 1484 568 1544 pulsum

163 1579 262 1632 arguet,
278 1571 359 1618 Iliaco
373 1570 499 1617 tumidum
514 1570 557 1631 qui
571 1584 685 1618 crescere
697 1570 828 1632 Thybrim

163 1661 288 1720 sanguine
302 1666 328 1707 et
340 1658 454 1706 Euandri
469 1666 549 1705 totam
563 1673 621 1706 cum
634 1658 711 1720 stirpe
725 1659 827 1709 videbit

90 1752 142 1796 395
163 1748 330 1810 procubuisse
344 1748 457 1804 domum,
474 1754 549 1808 atque
564 1754 654 1794 exutos
667 1748 787 1796 Arcadas
801 1750 897 1799 armis?

163 1836 232 1883 haud
245 1837 281 1884 ita
294 1851 335 1884 me
348 1836 446 1898 experti
459 1835 541 1882 Bitias
554 1843 579 1883 et
592 1835 726 1883 Pandarus
740 1836 837 1899 ingens

163 1932 187 1972 et
200 1939 264 1986 quos
278 1924 349 1972 mille
363 1924 403 1971 die
416 1924 497 1971 victor
509 1923 556 1970 sub
570 1923 680 1971 Tartara
692 1925 760 1983 misi,

162 2012 276 2060 inclusus
290 2013 369 2059 muris
382 2012 522 2074 hostilique
535 2026 630 2072 aggere
643 2023 756 2074 saeptus.

161 2100 234 2148 nulle
246 2102 317 2148 selus
330 2100 408 2148 bello.
437 2100 514 2162 capiti
529 2115 592 2148 cane
606 2101 676 2157 talia,
692 2101 813 2162 demens,

89 2194 142 2237 400
161 2188 295 2236 Dardanio
309 2188 435 2250 rebusque
449 2189 507 2236 tuis.
535 2189 643 2251 proinde
657 2189 745 2236 omnia
759 2205 864 2254 magno

161 2292 193 2325 ne
206 2292 277 2325 cessa
291 2277 393 2324 turbare
406 2284 476 2324 metu
490 2287 567 2338 atque
581 2277 704 2325 extollere
717 2277 785 2327 vires

159 2366 243 2426 gentis
257 2365 295 2413 bis
308 2365 399 2423 victae,
416 2373 505 2413 contra
518 2381 633 2428 premere
646 2381 718 2413 arma
731 2365 834 2417 Latini.

159 2470 228 2506 nunc
248 2462 274 2505 et
285 2453 477 2516 Myrmidonum
497 2468 615 2515 proceres
628 2454 742 2515 Phrygia
756 2471 834 2506 arma
850 2471 899 2509 tre·

470 2550 600 2596 meseum„

144 2659 223 2697 nunc
240 2653 270 2697 et
285 2640 409 2712 Tydides
424 2642 455 2685 et
463 2630 610 2681 Larisaeus
626 2623 750 2673 sellulas
