1816 2956
14 228 18 234 g
79 170 139 219 rot
311 179 344 219 se.
361 179 483 220 vunsmr
503 180 633 221 maenis

73 340 129 385 165
143 335 227 385 :fatale
240 335 356 399 adgressi
369 344 470 385 sacrato
482 337 593 386 avellere
606 339 701 401 templo

147 424 304 486 Palladium,
320 425 401 474 caesis
414 439 530 474 summae
541 427 692 475 custodibus
705 428 780 486 arcis,

148 513 295 577 corripuere
308 528 408 562 sacram
421 513 533 576 effigiem
544 515 715 578 manibusque
728 518 842 565 cruentis

147 602 276 665 virgineas
287 603 345 651 ausi
359 602 432 651 divae
444 602 595 665 contingere
606 604 691 662 tinas,

146 705 181 742 ex
192 691 241 740 illo
253 691 332 740 fluere
343 705 376 740 ac
388 699 457 740 retro
469 691 592 754 sublapsa
604 692 692 740 referri

76 783 130 831 170
146 795 208 844 spes
220 780 351 839 Densum,
367 779 463 828 fractae
476 780 551 839 vires,
566 795 656 829 aversa
669 781 732 829 deae
746 796 828 830 mens.

148 884 197 920 nec
210 869 294 918 dubiis
307 884 339 918 ca
351 869 427 932 signa
439 869 510 917 dedit
522 869 641 920 Tritonia
653 871 784 919 monstris.

147 959 190 1007 rix
203 959 315 1022 positum
329 958 418 1007 caenis
432 958 608 1017 simulacrum,
623 973 709 1007 arsere
722 973 847 1008 coruscae

146 1047 288 1097 luminibus
300 1047 420 1096 flammae
433 1047 537 1096 arrectis
551 1047 687 1109 salsusque
700 1061 746 1109 per
754 1055 830 1096 artus
869 1065 874 1077 ·

145 1137 228 1185 sudor
239 1137 270 1185 iit
282 1143 372 1200 terque
383 1136 442 1199 ipsa
454 1136 510 1184 solo
524 1133 654 1198 (mirabile
668 1135 750 1198 dictu)

80 1229 129 1276 175
148 1225 254 1276 emicuit
265 1239 434 1289 parmamque
447 1223 530 1273 ferens
544 1223 696 1286 hastamque
714 1232 874 1274 trementem.

148 1315 279 1378 extemplo
292 1315 442 1377 temptanda
458 1312 521 1375 fuga
538 1312 608 1361 canit
625 1326 738 1375 aequora
753 1311 874 1372 Calchas,

147 1418 196 1453 nec
206 1418 283 1467 posse
294 1403 426 1466 Argolicis
440 1403 542 1452 excindi
555 1402 683 1464 Pergama
692 1401 762 1460 telis,

148 1493 237 1541 omina
248 1492 275 1540 ui
288 1500 406 1556 repetant
417 1492 496 1554 Argis
509 1505 657 1554 numenque
670 1490 795 1538 reducant

148 1582 217 1646 quod
231 1583 324 1645 pelago
337 1588 363 1630 et
376 1581 457 1630 curvis
471 1595 559 1630 secum
572 1594 679 1628 avexere
692 1579 796 1628 carinis.

79 1675 129 1720 180
149 1678 175 1720 et
186 1686 256 1720 nunc
269 1671 340 1735 quod
352 1670 449 1734 patrias
462 1677 537 1718 vento
550 1669 647 1732 petiere
659 1667 791 1730 Mycenas,

146 1775 221 1809 arma
233 1761 347 1823 deosque
359 1766 453 1823 parant
465 1760 584 1817 comites,
599 1759 745 1821 pelagoque
759 1771 876 1806 remenso

147 1849 272 1912 inprovisi
284 1849 402 1897 aderunt.
430 1849 466 1896 ita
479 1847 572 1909 digerit
583 1847 673 1894 nmina
687 1843 809 1894 Calchas.

148 1939 216 1987 hanc
228 1951 276 2000 pro
288 1937 408 1986 Palladio
421 1936 521 1994 moniti,
537 1950 584 1997 pro
597 1935 703 1982 numine
716 1935 788 1982 laeso

147 2026 260 2088 effigiem
273 2032 393 2084 statuere,
409 2025 482 2074 nefas
495 2039 561 2087 quae
574 2023 645 2072 triste
657 2023 749 2085 piaret.

79 2120 128 2165 185
148 2115 216 2164 hanc
229 2122 316 2163 tamen
328 2114 473 2163 inmensam
487 2112 599 2162 Calchas
612 2113 730 2160 attollere
746 2111 844 2160 molem

148 2203 284 2253 roboribus
296 2203 373 2252 textis
387 2202 511 2266 caeloque
525 2202 633 2250 educere
646 2201 728 2258 iussit,

147 2307 181 2343 ue
193 2293 273 2357 recipi
281 2293 366 2356 ‚portis
379 2299 424 2339 sut
437 2292 496 2340 duci
509 2291 536 2338 in
549 2290 653 2339 moenia
665 2296 752 2352 posset

145 2397 200 2432 neu
211 2382 339 2446 populum
352 2382 460 2443 antiqua
472 2379 519 2427 sub
533 2379 659 2440 religione
672 2377 748 2426 tueri.

148 2487 210 2521 nam
220 2471 243 2520 si
256 2478 341 2520 vestra
353 2484 445 2518 manus
458 2468 579 2516 violasset
592 2468 662 2515 dona
674 2467 816 2525 Minervae,

78 2563 128 2610 190
147 2568 202 2610 tum
221 2574 346 2623 maguum
370 2559 478 2608 exitimn
501 2556 583 2620 (quod
608 2556 634 2604 di
657 2556 728 2618 prius
752 2568 830 2603 omen
853 2554 878 2600 iu

452 2660 537 2710 ipsum
