1816 2956
54 107 66 152 l
76 107 113 153 84
292 115 318 153 Ρ.
336 114 458 153 vnndlm
476 113 606 154 Mauortis

121 273 167 320 bas
181 270 245 319 mihi
258 277 402 319 servassent
414 271 496 319 sedes.
524 273 585 320 satis
599 286 651 320 una
663 285 794 334 superque

121 361 231 409 vidimus
245 359 347 408 excidia
360 367 385 408 et
398 367 488 422 captae
502 361 678 423 superavimus
691 359 758 407 urbi.

121 450 158 498 sic
171 464 187 496 ο
200 449 237 498 sic
249 448 361 512 positum
374 448 454 497 adlati
468 449 591 498 discedite
604 464 706 512 corpus.

52 544 101 587 645
122 539 177 601 ipse
189 551 268 584 manu
281 545 390 585 mortem
402 537 549 598 inveniam3
569 537 733 586 miserebitur
745 537 829 586 hostis

121 627 276 688 exuviasque
289 631 366 688 petet.
394 625 478 673 facilis
491 626 590 674 iactura
603 626 743 689 sepulchri.

120 716 172 764 iam
185 714 285 777 pridem
297 713 393 762 invisus
407 714 471 761 divis
485 721 510 762 et
521 714 619 762 inutihs
633 729 715 763 annos

121 805 253 863 demorem-
274 818 306 851 ex
319 817 370 866 quo
383 817 424 851 me
439 802 524 850 divom
537 812 610 866 pater
623 811 701 866 atque
714 803 852 852 hominum

421 905 466 939 rex
666 877 670 883 ‘

121 981 237 1030 fulminis
250 981 354 1029 adflavit
366 981 447 1028 ventis
461 987 485 1028 et
499 980 608 1041 contigit
620 968 696 1042 ignis

51 1076 101 1119 650
156 1069 232 1118 Talia
244 1069 375 1132 perstabat
387 1083 533 1116 memorans
547 1069 665 1131 fixusque
677 1069 810 1118 manebat.

121 1173 168 1206 nos
183 1165 272 1216 contra
285 1158 358 1206 effusi
373 1158 485 1206 lacrimis
499 1158 664 1220 coniunxque
677 1156 778 1206 Creusa

121 1247 301 1309 Ascaniusque
314 1247 450 1309 omnisque
464 1247 564 1306 domus,
581 1263 613 1295 ne
626 1253 722 1295 vertere
735 1261 824 1296 secum

121 1343 214 1384 cuncta
226 1341 298 1398 pater
311 1335 415 1397 fatoque
429 1336 549 1396 urguenti
562 1336 711 1384 incumbere
726 1337 814 1385 vellet.

121 1425 233 1486 abnegat
244 1424 399 1486 inceptoque
413 1431 438 1471 et
450 1423 554 1471 sedibus
567 1424 656 1472 haeret
667 1425 694 1472 in
708 1424 801 1473 isdem.

51 1519 100 1561 655
121 1527 208 1560 rursus
221 1513 248 1560 in
262 1527 333 1560 arina
346 1512 414 1559 feror
426 1520 587 1574 mortemque
601 1513 758 1562 miserrimus
778 1521 848 1578 opto.

120 1617 181 1650 nam
189 1602 258 1664 quod
267 1601 404 1649 consilium
412 1609 456 1648 aut
468 1616 533 1664 quae
545 1601 598 1649 iam
610 1602 714 1649 fortuna
724 1601 851 1651 dabatur?

117 1681 202 1739 ‘mene
216 1691 305 1739 efferre
318 1691 420 1752 pedem,
436 1690 546 1752 genitor,
563 1699 587 1739 te
600 1705 675 1754 posse
688 1691 780 1740 relicto
867 1691 868 1696 ’

120 1779 227 1843 sperasti
241 1786 392 1841 tantumque
405 1779 476 1827 nefas
491 1780 575 1841 patrio
589 1779 684 1827 excidit
697 1780 758 1829 ore?

120 1869 141 1916 ei
155 1868 220 1916 nibil
234 1883 266 1916 ex
280 1874 351 1916 tauta
364 1869 461 1929 superis
474 1867 560 1930 placet
573 1868 635 1916 urbe
649 1868 760 1931 relinqui

49 1961 101 2004 660
120 1967 146 2005 et
158 1958 229 2005 sedet
241 1957 291 2004 boc
304 1957 390 2003 animo
404 1957 582 2018 perituraeque
596 1956 690 2004 addere
703 1957 801 2006 Troiae

121 2054 197 2108 teque
210 2053 318 2106 tuosque
331 2045 410 2103 iuvat,
426 2051 496 2107 patet
508 2045 550 2092 isti
564 2045 643 2092 ianua
656 2045 707 2093 leto

121 2136 224 2196 iamque
242 2133 324 2181 aderit
336 2135 417 2181 multo
430 2133 526 2181 Priami
542 2134 573 2181 de
586 2133 712 2195 sanguine
726 2134 849 2197 Pyrrhus,

122 2231 230 2285 gnatum
243 2228 302 2270 ante
316 2236 361 2270 ora
374 2222 467 2284 patris,
489 2231 589 2285 patrem
607 2223 650 2284 qui
668 2222 809 2272 obtruncat
821 2224 851 2272 ud

421 2325 487 2358 aras.

120 2400 170 2446 hoc
190 2405 258 2456 erat,
280 2398 349 2447 alma
370 2413 476 2460 parens,
503 2400 571 2461 quod
592 2414 633 2447 me
652 2414 698 2461 per
716 2402 786 2461 tela,
809 2416 852 2467 per

421 2488 488 2548 ignis

49 2583 99 2626 665
120 2578 206 2641 eripis,
223 2587 251 2626 ut
263 2578 353 2629 mediis
368 2579 468 2627 hostem
483 2576 508 2622 in
523 2576 697 2638 penetralibus
711 2585 795 2642 utque
