1816 2956
62 190 118 236 154
296 199 322 238 Ρ.
339 197 461 238 VERGILI
481 197 612 238 MARONIS

58 361 110 406 640
127 357 218 419 ingens
231 363 367 418 argentum
379 355 483 414 mensis,
500 357 650 418 caelataque
663 357 690 404 in
704 372 766 405 auro

128 445 205 494 fortia
218 445 286 494 facta
298 452 409 508 patrum,
425 445 503 493 series
516 445 670 506 longissima
683 461 768 494 rerum

127 549 173 598 per
184 540 224 582 tot
236 533 313 582 ducta
324 533 392 581 viros
406 533 528 596 antiquae
542 533 573 581 ab
587 534 687 596 origine
700 535 793 596 gentis.

163 623 265 672 Aeneas
284 621 380 685 (neque
393 622 462 670 enim
475 622 573 685 patrius
587 623 727 672 consistere
744 632 857 673 mentem

127 725 218 775 passus
230 711 315 775 umor)
328 713 448 775 rapidum
458 711 490 758 ad
499 712 569 759 navis
577 713 854 775 praemittithchaten,

59 805 108 850 ⁶45
127 800 241 850 Ascanio
254 799 320 850 ferat
332 800 396 849 haec
409 801 545 863 ipsumque
558 801 591 849 ad
604 802 709 850 moenia
721 802 799 851 ducat

128 888 223 954 (omnis
236 890 264 937 in
277 890 392 938 Ascanio
406 890 458 938 cari
472 896 523 937 stat
536 904 598 937 cura
610 890 752 954 parentis):

127 992 235 1028 munera
247 984 388 1041 praetcrea,
403 977 490 1026 Iliacis
504 985 592 1040 erepta
604 979 694 1038 ruinis,

129 1067 195 1117 ferre
206 1066 287 1126 iubet,
302 1067 401 1130 pallam
414 1067 494 1129 signis
508 1081 623 1129 auroque
636 1068 761 1130 rigentem

128 1165 153 1206 et
166 1147 362 1206 circumtextum
376 1170 467 1204 croceo
480 1156 596 1204 velamen
610 1157 730 1213 acanth0,

59 1251 109 1295 ⁶50
128 1253 232 1295 ornatus
246 1244 358 1306 Argivae
371 1244 495 1302 Helenae,
511 1258 575 1306 quos
588 1244 635 1292 illa
648 1245 771 1307 Mycenis,

127 1335 255 1396 Pergama
267 1348 326 1382 cum
339 1340 436 1396 peteret
454 1333 671 1398 inconcessosque
688 1334 855 1396 hymenaeos,

129 1424 264 1481 extulerat,
281 1423 369 1470 matris
383 1421 470 1470 Ledae
483 1421 601 1470 mirabile
615 1423 727 1480 donum;

128 1518 261 1576 praeterea
273 1517 410 1574 sceptrum,
425 1511 509 1559 llione
522 1512 591 1573 quod
605 1520 719 1573 gesserat
731 1512 803 1570 olim,

128 1601 243 1650 maxima
255 1607 375 1648 natarum
387 1599 493 1658 Priami,
510 1600 630 1662 colloque
643 1601 739 1649 monile

60 1695 110 1738 ⁶55
130 1690 248 1739 bacatum
263 1695 288 1737 ct
301 1689 431 1751 duplicem
443 1689 551 1749 gemmis
566 1704 680 1752 auroque
694 1704 828 1738 eoronam.

130 1779 193 1828 haec
207 1779 322 1827 celerans
335 1778 384 1826 iter
397 1778 429 1825 ad
443 1777 515 1825 navis
528 1778 649 1826 tendebat
661 1778 783 1827 Achates.

164 1868 200 1916 At
213 1865 341 1930 Cytherea
352 1880 432 1914 novas
446 1873 522 1925 artes,
538 1881 605 1914 nova
618 1874 721 1929 pectore
735 1878 820 1916 versat

130 1956 248 2015 consilia,
264 1962 293 2003 nt
305 1955 397 2003 faciem
410 1962 523 2002 mutatus
537 1963 561 2003 et
575 1970 621 2003 ora
634 1955 736 2018 Cupido

130 2059 177 2109 pro
191 2044 260 2093 dulci
274 2045 389 2092 Ascanio
403 2043 489 2091 veniat
502 2044 628 2107 donisque
642 2045 769 2093 furentem

61 2139 111 2182 660
131 2134 251 2183 incendat
264 2133 381 2195 reginam
394 2139 471 2195 atque
485 2132 585 2180 ossibus
598 2133 705 2196 inplicet
718 2134 805 2195 ignem
816 2153 822 2194 3

131 2223 226 2286 quippe
247 2222 352 2269 domum
370 2221 442 2269 timet
459 2221 608 2283 ambignum
621 2222 765 2285 Tyriosque
784 2223 860 2271 bilin-

431 2310 498 2372 auis,

131 2400 182 2457 urit
195 2408 269 2448 atrox
281 2400 347 2448 Iuno
361 2405 387 2447 et
399 2398 446 2447 sub
459 2407 562 2447 noctem
576 2415 637 2448 cura
650 2409 773 2448 recursat.

132 2503 193 2552 ergo
206 2489 246 2536 his
260 2489 386 2550 aligerum
399 2486 473 2536 dictis
487 2488 589 2536 adfatur
601 2490 733 2537 Amorem.

128 2569 208 2638 ‘nata
223 2594 296 2628 nicae
309 2579 383 2637 uires,
398 2592 458 2626 mea
470 2591 566 2639 magna
578 2577 693 2640 potentia
706 2578 786 2628 solus.

59 2672 111 2715 665
129 2675 199 2727 nate,
213 2668 298 2732 patris
311 2666 405 2717 summi
419 2665 463 2730 qui
476 2667 528 2714 tela
541 2666 660 2730 Typhoia
673 2667 774 2719 temnis,
