1816 2956
299 178 446 217 AENEIDOS
466 179 551 217 LIBER
569 179 612 218 xi.
794 170 852 216 471

127 337 270 396 gramineo,
287 336 383 382 donum
396 335 507 391 Triviae,
523 335 554 382 de
567 334 679 396 caespite
692 335 770 383 vellit.

129 439 181 472 nou
194 425 268 471 illum
282 425 354 472 tectis
367 424 445 482 ullae,
461 437 513 469 non
526 423 660 471 moenibus
675 422 748 471 urbes

129 528 249 575 accepere
262 528 347 574 noque
359 513 414 574 ipse
428 526 518 559 manus
532 511 632 559 feritate
645 511 773 560 dedisset:

128 609 260 663 pastorum
274 609 298 650 et
311 602 373 649 solis
387 600 473 661 exegit
485 598 615 646 montibus
629 613 728 648 aevom.

56 695 108 738 570
128 690 170 739 hic
183 699 270 738 natam
285 691 310 737 in
325 689 407 737 (Iuniis
421 689 539 749 interque
552 686 683 736 horrentia
696 689 776 736 lustra

128 779 275 826 armentalis
290 793 371 840 oquae
384 777 503 825 mammis
516 783 541 824 et
553 776 620 824 iacto
633 776 716 824 serino

128 866 249 925 nutribat,
265 867 358 914 teucris
372 867 519 926 iumulgens
532 865 612 913 ubera
625 863 713 913 labris.

129 964 207 1016 utque
220 957 315 1016 pedum
329 955 417 1017 primis
431 954 515 1001 infans
528 953 637 1015 vestigia
649 952 746 1015 plantis

128 1043 263 1101 institerat,
279 1043 365 1090 iaculo
379 1043 478 1104 palmas
493 1042 601 1089 armavit
614 1049 690 1089 acuto

57 1137 107 1181 575
128 1131 279 1193 spiculaque
292 1145 324 1178 ex
338 1146 426 1178 umero
439 1144 533 1192 parvae
546 1129 681 1192 suspendit
694 1136 719 1178 et
732 1143 829 1177 arcum.

128 1234 174 1282 pro
188 1220 277 1267 crinali
291 1234 364 1278 auro,
379 1234 427 1281 pro
441 1220 535 1280 longae
548 1218 660 1279 tegmine
673 1217 768 1281 pallae,

128 1308 227 1370 tigridis
241 1309 347 1356 exuviae
360 1322 406 1369 per
419 1308 524 1354 dorsum
537 1322 552 1354 a
565 1307 658 1355 vertice
672 1306 794 1368 pendent.

128 1398 180 1445 tela
193 1411 270 1445 manu
284 1398 336 1444 ism
350 1404 403 1443 turn
417 1403 506 1443 tenera
518 1395 628 1458 puerilia
641 1394 715 1442 torsit

128 1496 153 1535 et
165 1487 272 1534 fundam
286 1485 358 1534 tereti
372 1485 468 1532 circum
482 1491 559 1546 caput
572 1484 625 1546 egit
637 1482 739 1532 habena

56 1580 108 1624 580
129 1574 354 1637 Strymoniamque
366 1588 456 1636 gruem
470 1581 514 1621 aut
527 1574 615 1621 album
629 1571 722 1620 deiecit
734 1571 843 1620 olorem.

128 1665 223 1712 multae
236 1665 308 1712 illam
322 1663 415 1710 frustra
428 1662 562 1723 Tyrrhena
574 1675 619 1723 per
632 1659 728 1721 oppida
740 1666 834 1708 matres

128 1760 247 1813 optavere
261 1766 370 1808 nurum3
390 1750 447 1797 sola
460 1757 581 1798 contenta
593 1748 679 1796 Diana

128 1847 260 1887 ueternum
274 1841 383 1887 telorum
397 1846 422 1886 et
434 1839 587 1899 virginitatis
600 1851 715 1885 amorem

128 1929 280 1975 intemerata
293 1928 362 1976 coiit.
391 1925 484 1974 veliem
497 1927 565 1973 haud
580 1935 698 1987 correpta
710 1923 800 1972 suisset

57 2021 108 2064 585
129 2016 220 2063 militia
233 2016 287 2073 tali,
304 2022 397 2063 conata
410 2016 535 2062 lacessere
548 2014 677 2062 Teucros:

129 2119 189 2151 cura
201 2104 264 2151 mihi
279 2104 453 2166 comitumque
466 2102 532 2150 foret
545 2117 614 2150 nunc
626 2117 679 2150 uua
693 2116 818 2150 mearum.

128 2207 214 2240 verum
228 2206 284 2254 age,
301 2192 513 2254 quandoquidem
526 2190 585 2238 fatis
598 2196 721 2252 urguetur
734 2189 842 2249 acerbis,

129 2282 222 2335 labere,
240 2282 361 2343 nympha,
377 2281 439 2342 polo
452 2280 562 2342 finisque
575 2279 655 2327 invise
667 2279 784 2338 Latinos,

129 2371 206 2416 tristis
220 2370 262 2416 ubi
277 2370 389 2418 intausto
404 2368 572 2418 committitur
586 2368 671 2415 omino
684 2382 781 2429 pugna.

57 2465 108 2507 590
128 2458 192 2506 haec
206 2474 269 2520 cape
283 2466 307 2506 et
320 2459 437 2506 ultricem
450 2458 570 2521 pharetra
584 2458 705 2518 deprome
718 2455 855 2516 sagittam:

128 2547 177 2595 hac
191 2548 346 2609 quicumque
359 2562 462 2594 sacrum
475 2546 580 2594 rioiarit
591 2545 703 2592 rainere
715 2553 829 2599 eosquos

120 2635 184 2680 Tros
196 2635 319 2694 Italusue,
336 2637 402 2686 mihi
419 2639 524 2703 pariter
539 2638 587 2686 det
600 2630 744 2694 sanguine
755 2627 882 2683 qoem·
