1816 2956
75 182 136 231 286
313 195 339 234 r.
356 193 478 233 vnaomr
498 193 630 233 aaronis

144 351 222 413 dique
241 350 356 413 deaeque
375 365 463 399 omnes
483 350 576 413 quibus
596 351 694 399 obstitit
705 351 783 400 Ilium
796 358 821 400 et
833 352 872 399 in·

400 497 402 501 Ι
443 454 506 502 gens

91 531 123 574 65
144 528 228 590 gloria
240 527 398 576 Dardaniae.
426 535 514 592 tuque,
530 543 545 576 o
558 529 720 577 sanctissima
731 535 809 589 vates,

143 616 261 679 praescia
273 617 381 676 venturi,
398 617 431 665 da
444 616 509 680 (non
522 617 638 666 indebita
649 633 729 680 poseo

142 719 224 766 regna
235 706 299 754 meis
312 705 382 768 fatis)
396 705 472 756 Latio
486 707 619 755 considere
632 707 747 755 Teucros

144 795 304 858 errantisque
318 795 379 843 deos
392 795 541 858 agitataque
554 796 661 843 numina
673 795 776 843 Troiae.

144 890 198 932 tum
205 884 311 933 Phoebo
320 890 345 932 et
351 884 452 932 Triviae
464 885 547 933 solido
560 885 592 932 de
606 899 733 932 marmore
747 884 872 946 templum

92 974 124 1021 70
143 972 277 1021 instituam
290 973 419 1036 festosque
432 974 486 1022 dies
499 973 531 1022 de
544 973 649 1021 nomine
662 972 769 1021 Phoebi.

143 1066 169 1110 te
181 1076 285 1124 qnoque
297 1077 392 1124 magna
404 1069 510 1110 manent
521 1063 606 1124 regnis
616 1061 869 1125 penetralianostris.

144 1149 187 1198 hie
200 1164 249 1212 ego
263 1166 376 1214 numque
389 1159 446 1199 tues
460 1157 539 1199 sortes
553 1164 700 1212 arcanaque
712 1150 774 1209 sata,

145 1238 213 1288 diota
225 1254 298 1288 meae
310 1241 390 1302 genti,
403 1255 502 1303 ponam
515 1240 647 1301 lectosque
660 1238 776 1297 sacrabo,

144 1328 222 1388 alma,
237 1327 314 1376 viros.
341 1329 409 1376 foliis
423 1335 522 1376 tentum
535 1342 568 1376 ne
581 1328 696 1376 earmina
708 1327 812 1386 manda,

92 1419 123 1464 75
144 1430 177 1466 ne
190 1417 293 1466 turbata
305 1418 392 1466 volent
404 1417 500 1480 rapidis
513 1417 626 1464 ludibria
638 1416 735 1475 ventis3

144 1504 200 1568 ipsa
213 1520 292 1555 canus
304 1497 370 1554 oro.³
394 1506 471 1554 finem
484 1506 554 1553 dedit
567 1520 612 1553 ore
624 1504 756 1566 loquendi.

179 1593 224 1653 At,
239 1594 338 1643 Phoebi
352 1596 468 1642 nondum
481 1595 591 1657 patiens,
606 1594 717 1641 inmanis
730 1593 756 1640 in
771 1600 846 1641 antro

145 1681 286 1731 bacchatur
298 1690 377 1743 rates,
393 1699 516 1745 magnum
530 1684 550 1731 si
564 1690 667 1746 pectore
681 1683 763 1744 possit

145 1772 287 1820 excussisse
300 1772 392 1821 deum:
413 1779 485 1820 tanto
498 1773 581 1834 magis
594 1772 639 1820 ille
653 1772 745 1832 fatigat

92 1865 125 1908 80
145 1875 174 1908 os
181 1860 308 1921 rabidum,
324 1861 379 1910 fera
392 1863 471 1910 eorda
484 1863 601 1920 domans,
617 1861 742 1923 tingitque
755 1875 874 1922 premen-

446 1950 489 1998 do.

145 2038 212 2086 ostie
224 2037 327 2100 iamque
341 2039 432 2087 domus
446 2046 551 2102 patuere
563 2039 680 2100 ingentia
693 2045 796 2085 eentum

145 2134 237 2190 sponte
249 2142 297 2176 sua
309 2128 426 2191 vatisque
438 2127 524 2176 serunt
537 2143 661 2190 responsu
672 2142 718 2189 per
731 2142 817 2174 auras.

141 2205 168 2263 ‘0
182 2217 286 2264 tandem
298 2217 399 2277 magnis
413 2217 499 2278 pelagi
514 2217 632 2265 defuncte
645 2216 748 2278 periclis

145 2304 201 2367 (sed
215 2312 297 2354 terrae
310 2306 430 2367 graviora
442 2305 568 2368 manent),
584 2305 611 2352 in
624 2320 705 2366 regnu
717 2304 810 2352 Lavini

93 2399 124 2442 85
144 2393 312 2443 Dardanidae
325 2395 428 2443 venient
441 2394 598 2457 (mittehane
607 2395 637 2442 de
645 2400 749 2456 pectore
756 2393 872 2456 curam):

144 2485 189 2532 sed
202 2498 255 2531 non
269 2491 294 2532 et
306 2484 404 2532 venisse
417 2483 512 2531 volent.
539 2482 617 2540 bella,
633 2482 739 2531 horrida
752 2465 822 2530 heila

145 2580 170 2621 et
182 2573 308 2635 Thybrim
320 2573 403 2620 multo
415 2579 577 2636 spumantem
590 2571 716 2633 sanguine
730 2585 817 2618 cerno.

131 2675 188 2712 non
202 2661 302 2714 Simois
316 2662 364 2715 tibi
378 2677 428 2715 nee
439 2661 561 2714 Xanthus
572 2675 622 2710 nee
632 2659 730 2709 Dorica
743 2671 828 2710 eastra
