1816 2956
237 333 385 375 unusmos
402 335 491 376 uranu
506 334 560 376 xn.
736 325 796 376 tos

74 506 133 541 ossa
145 499 256 553 tremor3
276 492 360 554 prima
373 498 433 541 ante
446 505 535 541 omnes
546 492 655 540 Iuturna
666 492 774 543 Latinos

74 581 156 628 audiit
169 581 343 643 adgnovitque
356 595 449 628 sonum
462 587 487 629 et
499 581 648 630 tremefacta
660 581 763 644 refugit.

27 673 55 716 50
74 669 118 717 ille
131 670 201 717 volat
214 685 359 733 campoque
372 676 456 717 atrum
468 669 536 732 rapit
549 684 641 732 agmen
656 677 753 733 aperto.

74 759 158 821 qualis
172 758 215 806 ubi
229 760 261 806 ad
276 765 355 806 terras
369 758 478 820 abrupto
492 757 576 806 sidere
588 759 690 808 nimbus

73 847 94 894 it
106 861 177 895 mare
189 862 235 909 per
247 847 377 906 medium3
398 848 506 905 miseris,
522 846 582 905 heu,
597 849 715 909 praescia
723 849 802 909 longe

74 935 226 983 horrescunt
239 936 319 984 corda
332 936 469 996 agricolis3
490 935 562 984 dabit
574 934 619 983 ille
631 936 720 984 ruinas

74 1022 208 1070 arboribus
221 1031 384 1086 stragemque
397 1025 468 1083 sutis,
485 1030 541 1072 ruet
554 1025 641 1072 omnia
655 1025 721 1073 late:
741 1005 743 1008 ,

27 1115 54 1157 55
76 1118 135 1158 ante
148 1113 236 1159 volant
248 1112 413 1174 sonitumque
425 1113 511 1160 ferunt
524 1114 555 1160 ad
571 1114 647 1161 litora
660 1113 726 1161 venti
736 1129 751 1160 ε.

75 1200 133 1247 talis
146 1200 174 1246 in
188 1201 308 1248 adversos
322 1201 414 1248 ductor
426 1201 566 1249 Rhoeteius
580 1201 661 1249 hostis

75 1302 167 1348 agmen
182 1289 244 1349 agit,
261 1289 332 1335 densi
347 1289 434 1336 cuneis
448 1304 474 1337 se
488 1290 597 1352 quisque
611 1290 706 1337 coactis

74 1377 263 1437 adglomerant.
291 1376 349 1424 serit
361 1391 421 1425 ense
438 1391 542 1438 gravem
555 1377 732 1440 Thymbraeus
746 1376 803 1426 Osi-

376 1466 433 1524 rim,

74 1555 225 1604 Archetium
232 1554 390 1614 Mnestheus,
405 1555 560 1618 Epuloutem
575 1554 803 1604 obtruncntAcha·

376 1653 422 1703 tes,

27 1737 55 1779 50
74 1732 246 1796 Ufentemque
259 1732 327 1795 Gyas
338 1749 344 1792 ς
365 1733 435 1780 cadit
447 1733 502 1794 ipsc
514 1732 669 1780 Tolumnius
682 1729 773 1794 augur,

75 1822 172 1884 primus
186 1823 212 1868 in
227 1823 347 1869 adversos
361 1821 440 1868 telum
454 1821 497 1883 qui
512 1828 619 1870 torserat
632 1820 726 1868 hostia·

76 1910 175 1975 tollitur
187 1910 214 1956 in
229 1910 328 1957 caelum
343 1909 441 1956 clamor
453 1910 570 1971 versique
585 1909 696 1957 vicissim

76 1998 255 2059 pulverulenta
267 1997 329 2058 fuga
341 1997 429 2044 Rutuli
444 1998 507 2044 dunt
519 2007 592 2058 terga
605 2012 650 2060 per
663 2013 747 2058 agros.

75 2086 130 2147 ipse
144 2101 226 2148 noque
241 2100 343 2134 aversos
357 2085 478 2146 dignatur
490 2093 602 2135 sternere
615 2087 692 2135 Morti

27 2179 55 2222 55
76 2190 123 2222 nec
137 2175 201 2237 pede
215 2188 365 2236 congressos
379 2187 462 2235 aequo
476 2189 523 2222 nec
536 2175 587 2222 tela
601 2176 704 2224 ferentis

76 2264 235 2325 insequitur;
256 2263 340 2310 solum
354 2263 434 2309 densa
446 2262 472 2310 iu
487 2264 598 2325 caligine
610 2264 726 2311 Turnum

75 2353 184 2412 vestigat
196 2352 316 2408 lustrans,
333 2352 417 2398 solum
429 2351 456 2397 in
471 2353 611 2400 cortamina
624 2353 715 2414 poscit.

76 2441 126 2488 hoc
140 2455 264 2489 concussa
277 2448 346 2488 metu
360 2445 471 2488 mentem
483 2440 591 2488 Iuturna
603 2441 690 2502 virago

77 2530 194 2590 aurigam
207 2528 287 2576 Turni
302 2529 387 2577 media
400 2528 466 2576 iuter
479 2529 535 2576 lora
547 2529 683 2577 Metiscum

27 2621 56 2665 70
77 2618 174 2665 excutit
186 2623 211 2664 et
224 2617 301 2678 longe
315 2618 416 2679 lapsum
429 2624 531 2665 temone
544 2617 684 2678 relinquit3

77 2706 134 2767 ipsa
146 2706 215 2754 subit
226 2706 397 2768 manibusque
409 2706 531 2754 undantis
544 2705 623 2754 flectit
636 2706 759 2764 habenas,

77 2802 170 2843 cuncta
183 2809 283 2858 gerens,
298 2808 439 2858 vocemque
448 2802 474 2844 et
480 2808 573 2858 corpus
581 2802 606 2842 et
613 2809 685 2842 arma
692 2793 800 2842 Metisci.
