1816 2956
369 183 454 223 enus.
745 174 804 223 tta

29 346 60 389 55
82 341 143 402 quid
158 341 251 399 dicam,
272 357 354 404 quove
367 356 430 388 ausa
442 343 540 389 malum
553 341 603 390 hoc
616 342 735 389 exordiar
747 341 808 389 ore?

80 430 164 477 dicam
172 431 300 492 equidem,
309 431 483 492 quoniamque
491 430 537 477 tibi
546 446 597 477 non
607 432 699 489 dicere,
710 431 805 490 nutrix,

78 532 131 565 nan
145 519 217 578 sinis,
231 527 371 567 extremum
387 519 435 567 hoc
449 534 540 566 nmnus
555 520 686 567 morientis
700 519 805 568 habeto.

79 607 124 655 illc
137 607 232 671 (vides)
247 609 339 655 nostris
353 607 396 670 qui
410 608 544 656 moenibus
558 609 660 657 adsidet
673 608 762 668 hostis,

79 710 156 758 quem
168 703 241 758 pater
254 697 309 758 ipse
323 697 398 744 desim
413 696 505 759 sceptri
521 697 625 744 donavit
638 697 745 755 honore,

29 788 59 835 10
79 783 120 832 cni
133 798 226 846 parcae
240 783 350 831 tribuere
363 799 410 831 nec
424 785 477 831 ullo
490 785 595 833 vulnere
608 784 675 833 incdi

78 870 228 934 (dicendum
242 879 288 930 est,
304 871 398 920 frustra
412 872 589 921 circumvehor
602 875 690 923 omnia
700 873 805 937 verbis),

77 960 123 1008 ilie
136 974 201 1019 mea,
218 961 261 1008 ille
275 960 343 1008 idern
357 969 491 1023 oppugnat
504 964 656 1024 praecordia
667 963 761 1010 Minos.

78 1049 147 1110 qaod
161 1058 243 1111 perte
258 1050 343 1097 divum
357 1050 460 1098 crebros
473 1058 596 1099 testamur
609 1066 708 1099 amores

77 1150 175 1198 perque
188 1145 260 1185 tuum
267 1139 373 1186 memori
382 1148 500 1187 anicetum
508 1139 570 1187 mihi
578 1148 666 1202 peetus
674 1141 804 1199 alumnae,
841 1208 842 1211 Ἴ

29 1228 57 1274 tt
77 1232 105 1272 ut
118 1240 167 1283 me,
183 1227 204 1274 si
218 1241 317 1275 servare
331 1234 412 1289 potes,
429 1243 460 1276 ne
473 1230 580 1291 perdere
593 1229 685 1288 malis3

76 1313 116 1361 sin
130 1320 216 1362 autem
229 1323 332 1378 optatae
346 1331 404 1378 spes
418 1325 456 1364 est
469 1318 550 1366 ineisa
562 1319 661 1376 salutis,

76 1415 109 1451 ne
122 1403 185 1451 mihi
199 1419 277 1466 quam
289 1406 369 1452 merui
384 1406 507 1464 invideas,
530 1407 667 1465 nutricula,
685 1413 803 1455 mortem.

76 1505 138 1539 nam
151 1492 200 1540 nisi
214 1500 238 1541 te
252 1493 326 1540 nobis
339 1495 436 1551 malus,
453 1510 468 1541 ο
482 1495 574 1554 maius,
590 1496 688 1558 optima
701 1494 803 1555 Carme,

77 1587 137 1629 ante
149 1581 219 1629 huuc
232 1590 397 1644 conspectum
412 1599 516 1632 casusve
530 1584 623 1632 deusve
637 1586 743 1643 tulisset,

29 1673 57 1718 io
76 1675 122 1716 ant
135 1668 201 1717 ferro
215 1662 272 1718 hoc'
285 1673 367 1733 aperit
379 1673 475 1720 serrum
488 1673 557 1734 quod
571 1681 639 1721 vaste
653 1673 757 1732 latebat,

71 1746 240 1819 ‘purpureum
253 1760 333 1822 patris
347 1761 514 1823 dempsissem
527 1762 620 1810 vertice
634 1763 730 1810 crinem

75 1853 120 1895 aut
132 1847 194 1894 mihi
208 1849 336 1910 praesenti
350 1850 506 1912 peperissem
519 1851 623 1898 vulnere
637 1841 736 1898 letum'

110 1935 163 1982 Vix
176 1935 239 1985 haec
253 1938 375 1996 ediderat,
392 1954 449 1985 cum
464 1939 536 1987 clade
550 1939 670 1986 exterrita
683 1938 747 1986 tristi

74 2021 192 2071 intonsos
205 2026 286 2073 multo
301 2023 420 2088 deturpat
432 2028 536 2089 pulvere
550 2027 632 2075 crines

29 2116 54 2160 tt
74 2117 102 2159 et
112 2113 224 2173 graviter
237 2122 328 2176 questu
343 2113 435 2164 Carme
449 2117 585 2178 conplorat
597 2117 670 2165 anili.

73 2199 99 2247 ‘0
112 2200 175 2248 mihi
189 2216 258 2250 nunc
271 2203 364 2251 iterum
378 2205 487 2252 crudelis
501 2205 599 2253 reddite
611 2205 706 2263 Minos,

73 2303 90 2336 ο
103 2288 194 2337 iterum
208 2299 311 2340 nostrae
324 2293 409 2340 Minos
422 2294 526 2342 inimice
538 2302 666 2357 senectae,

73 2390 175 2440 semper
188 2387 215 2426 ut
228 2388 272 2426 aut
285 2381 346 2427 olim
363 2389 437 2430 natac
451 2390 474 2430 te
489 2391 593 2446 propter
605 2384 715 2431 cundem

73 2472 119 2513 aut
131 2482 204 2514 amor
216 2468 323 2517 insanae
337 2471 434 2518 lnetnm
447 2479 561 2533 portaret
575 2472 710 2519 alumnae!

29 2560 53 2601 νο
72 2561 131 2602 tene
145 2569 193 2616 ego
207 2563 259 2605 tam
273 2559 350 2619 lange
364 2567 439 2621 capta
452 2568 530 2623 atque
543 2567 631 2608 avecta
644 2560 757 2622 nequivi,

73 2650 126 2692 tam
138 2658 216 2706 grate
228 2646 368 2706 servitium,
384 2655 436 2696 tam
450 2649 527 2697 duros
539 2663 616 2712 passa
629 2648 739 2709 labores,
744 2688 827 2776 Ι
