1816 2956
71 182 132 230 286
309 194 335 233 P.
352 193 473 234 VERGILI
494 193 626 235 narolus

140 350 218 413 dique
237 350 352 412 deaeque
370 365 459 399 omnes
479 351 572 413 quibus
591 351 690 400 obstitit
701 353 780 401 Ilium
792 361 819 402 et
830 355 869 401 in·

395 497 398 502 ,
439 454 502 501 gens

87 531 119 575 65
139 528 224 589 gloria
236 528 394 576 Dardaniae.
421 535 510 592 tuque,
525 544 541 577 o
553 530 716 578 sanctissima
727 537 806 590 vates,

139 617 256 678 praescia
269 617 377 676 venturi,
393 618 427 665 da
439 617 504 681 (non
517 618 634 666 indebita
645 634 725 682 posco

138 719 220 767 regna
231 706 295 755 meis
307 705 378 769 fatis)
392 705 467 756 Latio
481 707 615 756 considere
627 707 743 756 Teucros

140 795 299 858 errantisque
313 795 375 843 deos
388 795 537 859 agitataque
549 797 656 844 numina
668 796 773 845 Troiae.

139 890 195 931 tum
201 884 308 933 Phoebo
316 891 341 933 et
347 884 448 932 Triviae
459 884 543 932 solido
556 885 587 933 de
601 900 729 934 marmore
742 886 868 948 ternplum

87 975 119 1021 70
138 971 272 1021 instituam
285 972 414 1036 festosque
427 973 481 1022 dies
495 974 527 1022 de
539 975 644 1021 nomine
657 974 766 1023 Phoebi.

139 1067 164 1110 te
176 1076 281 1124 quoque
292 1077 388 1124 magna
400 1068 505 1110 manent
516 1063 602 1124 regnis
612 1062 866 1125 penetralianostris.

140 1148 183 1197 hic
196 1165 244 1212 ego
258 1165 372 1214 namque
384 1158 441 1198 tuas
454 1157 535 1198 sortes
549 1165 695 1213 arcanaque
708 1151 771 1211 fata,

140 1238 208 1288 dicta
220 1254 293 1288 meae
306 1240 385 1302 genti,
399 1254 498 1302 ponam
510 1240 642 1302 lectosque
655 1239 773 1299 sacrabo,

140 1328 217 1389 alma
233 1327 309 1376 viros.
336 1328 405 1376 foliis
419 1335 518 1376 tantum
530 1343 563 1376 ne
577 1328 691 1376 carmina
704 1328 808 1388 manda,

88 1418 118 1464 75
140 1430 172 1464 ne
185 1416 289 1466 turbata
300 1418 387 1465 volent
399 1417 495 1479 rapidis
509 1417 621 1465 ludibria
633 1417 731 1476 ventis3

139 1504 195 1567 ipsa
208 1520 286 1555 canas
300 1497 365 1553 oro.’
389 1506 466 1554 finem
480 1507 550 1554 dedit
563 1521 607 1554 ore
619 1504 752 1567 loquendi.

174 1593 219 1653 At,
235 1594 334 1643 Phoebi
347 1596 463 1643 nondum
477 1595 586 1657 patiens,
602 1595 712 1642 inmanis
726 1595 752 1640 in
767 1601 842 1642 antro

140 1682 281 1731 bacchatur
293 1690 372 1742 vates,
388 1699 511 1746 magnum
525 1685 545 1732 si
560 1691 663 1746 pectore
677 1684 758 1745 possit

140 1773 282 1820 excussisse
296 1773 387 1821 deum:
408 1779 480 1820 tanto
494 1773 576 1834 magis
588 1773 634 1821 ille
648 1773 740 1833 fatigat

87 1865 120 1908 80
140 1876 168 1908 os
176 1861 303 1920 rabidum,
319 1862 374 1910 fera
387 1862 466 1910 corda
479 1863 596 1920 domans,
612 1862 737 1924 fingitque
750 1876 869 1924 premen-

441 1951 484 1998 do.

140 2039 206 2086 ostia
219 2038 322 2101 iamque
336 2040 427 2087 domus
441 2047 546 2102 patuere
559 2039 675 2101 ingentia
688 2045 792 2087 centum

140 2135 232 2190 sponte
244 2143 292 2176 sua
304 2129 421 2191 vatisque
434 2128 519 2176 ferunt
532 2143 655 2190 responsa
668 2142 713 2190 per
726 2143 812 2175 auras.

136 2206 163 2263 ‘o
177 2217 281 2264 tandem
293 2218 394 2278 magnis
408 2218 495 2279 pelagi
508 2217 627 2265 defuncte
639 2217 742 2279 periclis

140 2305 196 2367 (sed
209 2312 292 2354 terrae
305 2307 424 2368 graviora
437 2306 563 2369 manent),
579 2306 606 2352 in
619 2321 700 2367 regna
712 2305 805 2353 Lavini

87 2399 119 2442 85
139 2395 307 2444 Dardanidae
320 2395 423 2443 venient
435 2395 592 2458 (mittebanc
601 2395 867 2458 depecterecuram):

139 2485 183 2533 sed
197 2499 249 2531 non
264 2491 288 2532 ct
301 2484 399 2532 venisse
411 2485 507 2533 volent.
534 2483 611 2541 bella,
628 2483 733 2531 horrida
746 2467 817 2531 bella

140 2580 165 2621 et
176 2573 302 2636 Thybrim
315 2574 397 2620 multo
410 2579 571 2636 spumantem
585 2572 711 2634 sanguine
724 2586 812 2620 cerno.

128 2676 185 2713 non
199 2661 298 2715 Simois
312 2662 359 2716 tibi
373 2677 423 2716 nec
434 2662 555 2714 Xanthus
566 2676 616 2710 nec
627 2661 725 2710 Dorica
738 2672 824 2711 castra
