1816 2956
295 201 454 242 Aruernus·
466 203 552 241 ursan
569 202 609 241 ur.
788 193 848 241 285

125 376 192 408 nunc
205 375 283 421 grege
297 361 328 407 de
342 361 437 407 intacto
452 368 548 421 septem
563 366 675 407 mactare
688 360 809 408 iuvencos

124 450 287 512 praestiterit,
304 449 410 496 totidem
425 449 503 496 lectas
517 448 632 495 demere
646 441 777 496 bidentis'

71 543 105 586 40
124 538 218 585 talibus
232 539 320 585 adfata
333 539 439 586 Aenean
454 536 513 598 (nec
527 552 600 584 sacra
613 545 746 585 morantur

124 627 193 674 iussa
206 627 265 688 viri)
279 626 393 674 Teucros
406 634 481 674 vocat
494 627 546 674 alta
563 627 597 673 in'
607 627 704 688 templa
720 628 849 676 sacerdos.

91 741 94 744 ·
160 716 281 763 Excisum
289 715 420 763 Euboicae
432 716 499 762 latus
511 715 602 775 ingens
615 715 685 777 rupis
698 716 725 762 in
739 723 850 775 antrum,

125 820 176 866 quo
191 804 235 852 lati
252 804 349 851 ducunt
363 805 447 851 aditus
461 810 572 862 centurn,
589 804 655 851 ostia
668 812 778 864 centurn,

125 894 193 940 unde
206 901 283 940 ruent
296 894 402 940 totidem
416 907 500 951 voces,
516 907 640 955 responsa
653 891 776 954 Sibyllae.

72 987 105 1028 45
125 989 228 1029 ventum
242 988 297 1028 erat
309 982 340 1028 ad
355 982 443 1038 limen,
460 997 518 1029 cum
531 982 602 1043 virgo
613 973 729 1044 ‘poscere
743 982 796 1030 fata

125 1063 233 1133 tempus'
247 1071 296 1118 ait:
315 1060 397 1127 ‘neue
414 1085 481 1128 ecce,
497 1071 559 1118 deus
569 1062 585 1116 !'
610 1071 650 1118 cui
665 1071 727 1118 talia
740 1071 804 1119 fanti

127 1169 186 1207 ante
199 1160 266 1207 fores
279 1159 364 1206 subito
378 1173 430 1206 non
443 1160 535 1217 voltus,
552 1173 605 1206 non
619 1160 691 1207 color
703 1174 780 1219 unus,

125 1263 178 1295 non
192 1257 310 1311 comptae
323 1262 440 1296 mansere
453 1262 551 1306 comae,
568 1249 611 1296 sed
625 1256 712 1310 pectus
721 1248 851 1308 anhelum,

126 1345 151 1386 et
163 1337 234 1384 rabie
248 1338 301 1385 fera
315 1338 394 1384 corda
407 1344 514 1394 tument,
529 1337 663 1398 maiorque
676 1337 765 1397 videri,

74 1431 106 1473 50
126 1442 173 1474 nec
187 1426 296 1473 mortale
309 1440 413 1482 sonans,
429 1425 523 1472 adflata
536 1432 574 1472 cst
587 1426 692 1474 numine
706 1427 810 1488 qnando

126 1515 178 1563 iam
191 1515 312 1577 propiore
325 1514 375 1562 dei.
400 1504 495 1562 ‘cessas
509 1514 535 1560 in
548 1521 608 1561 vota
621 1529 769 1576 precesque,

125 1597 196 1650 Tros'
212 1592 376 1651 ait‘Aenea?
399 1603 500 1651 cessas?
520 1604 684 1665 nequeenim
698 1610 757 1652 ante
771 1603 854 1651 dehis·

428 1699 486 1739 cent

127 1781 250 1829 attonitae
263 1795 359 1842 magna
372 1796 417 1828 ora
431 1773 541 1828 domus.'
566 1789 591 1828 et
604 1781 666 1829 talin
679 1781 731 1829 fatu

127 1870 258 1918 conticuit.
286 1869 387 1931 gelidus
401 1870 507 1918 Teucris
521 1885 566 1932 per
579 1871 644 1918 dura
656 1870 769 1919 cucurrit

75 1962 106 2004 55
127 1972 186 2005 ossa
199 1966 302 2016 tremor,
321 1958 456 2020 funditque
469 1973 557 2020 preces
571 1973 615 2006 rex
629 1967 731 2021 pectore
744 1959 775 2007 ab
788 1958 850 2007 imo.

127 2046 247 2104 ‘Phoebe
264 2047 348 2108 gravis
362 2047 456 2095 Troiae
469 2062 569 2109 semper
582 2049 700 2096 miserate
713 2048 823 2108 labores,

126 2135 251 2183 Dardana
264 2136 307 2198 qui
321 2135 422 2183 Paridis
436 2136 528 2184 direxti
542 2137 594 2184 tela
607 2150 750 2198 manusque

128 2239 219 2287 corpus
233 2225 259 2272 in
273 2224 413 2282 Aeacidae,
429 2240 537 2285 magnas
551 2224 673 2273 obeuntia
685 2231 765 2273 terras

128 2319 166 2360 tot
177 2314 260 2361 maria
272 2314 364 2361 intravi
379 2315 443 2361 duce
457 2321 481 2361 te
494 2315 648 2376 penitusque
660 2321 775 2376 repostas

76 2405 109 2448 60
128 2402 269 2463 Massylum
282 2410 371 2464 gentes
385 2407 569 2465 praetentaque
583 2401 698 2464 Syrtibus
712 2418 789 2461 arva3

128 2490 180 2537 iam
194 2491 298 2539 tandem
311 2492 403 2540 Italiae
416 2491 537 2551 fugientis
550 2492 699 2553 prendimus
712 2506 779 2539 oras.

72 2569 74 2572 ’
128 2578 177 2626 hac
191 2578 306 2628 Troiana
319 2587 393 2626 tenus
406 2579 483 2627 fuerit
495 2579 610 2627 Fortuna
622 2587 718 2627 secuta.

127 2682 172 2714 vos
186 2682 290 2730 quoque
302 2668 460 2731 Pergameae
472 2666 527 2716 iam
537 2668 579 2717 ius
592 2675 632 2717 est
642 2682 757 2732 pareere
767 2665 859 2726 {enixa
