1816 2956
74 173 132 226 100
309 181 473 225 1³.tmaeit1
493 179 624 224 utuoms

139 350 277 408 postquam
295 349 386 392 exusta
403 343 494 405 palus,
519 348 652 404 terraeque
671 342 764 390 ardore
783 340 868 389 dehis-

124 491 128 500 „
440 437 509 490 eunt,

140 521 214 569 exilit
225 520 253 568 iu
266 520 363 568 siceum
376 526 401 568 et
412 520 573 568 flammantia
585 519 685 566 lumina
697 525 820 582 torquens

139 609 219 658 saevit
231 609 299 670 agris
313 622 438 671 asperque
450 608 492 656 siti
506 615 582 670 atque
596 608 729 655 exterritus
744 613 824 656 aestu.

69 704 118 746 435
140 713 187 746 nec
199 695 262 744 mibi
275 703 330 744 tum
342 697 435 745 molles
448 696 495 744 sub
509 695 567 743 divo
581 711 686 759 carpere
699 711 804 744 somnos

139 801 190 834 neu
203 786 280 833 dorso
293 785 405 833 nemoris
418 785 498 833 libeat
511 785 621 833 iacuisse
634 799 679 848 per
691 785 793 844 herbas,

141 889 198 923 cum
212 875 301 937 positis
314 889 395 922 novos
409 875 506 922 exuviis
519 874 667 936 nitidusque
681 874 785 922 iuventa

87 971 88 974 ’
140 964 257 1022 volvitur,
274 970 318 1011 aut
331 964 430 1012 catulos
443 962 516 1011 tectis
530 969 574 1010 aut
587 977 635 1010 eva
648 963 805 1025 relinquens,

140 1052 234 1100 arduos
248 1052 280 1100 ad
294 1052 376 1099 solem
389 1058 414 1100 et
427 1052 522 1113 linguis
536 1051 615 1100 micat
628 1066 672 1099 ore
686 1052 805 1099 trisulcis.

69 1147 121 1188 440
176 1140 328 1188 Morborum
341 1155 443 1203 quoque
457 1149 481 1188 te
495 1154 585 1188 causas
600 1146 624 1187 et
637 1140 712 1201 signa
725 1139 834 1188 docebo.

140 1230 220 1292 turpis
235 1229 288 1276 ovis
301 1235 410 1291 temptat
421 1228 529 1287 scabies,
545 1227 589 1276 ubi
603 1228 711 1289 frigidus
725 1227 807 1276 imber

140 1318 217 1366 altius
230 1318 262 1365 ad
275 1317 360 1365 vivom
373 1318 484 1380 persedit
497 1325 522 1365 et
534 1317 641 1365 horrida
654 1331 719 1365 cano

139 1407 231 1455 bruma
243 1407 313 1467 gelu,
328 1406 368 1454 vel
381 1421 440 1454 cum
452 1406 534 1454 tonsis
548 1406 644 1453 inlotus
658 1405 776 1454 adhaesit

138 1495 217 1542 sudor
230 1502 254 1542 et
267 1495 357 1542 hirsuti
371 1502 507 1543 secuerunt
520 1509 630 1556 corpora
642 1509 738 1557 vepres.

69 1589 118 1630 445
140 1583 258 1632 dulcibus
271 1583 368 1632 idcirco
381 1584 463 1632 fluviis
476 1598 554 1646 pecus
568 1597 644 1630 omne
657 1582 773 1643 magistri

140 1672 296 1734 perfundunt
307 1673 417 1735 udisque
430 1673 495 1721 aries
508 1672 534 1719 iu
548 1673 650 1733 gurgite
663 1670 730 1717 villis

139 1768 264 1808 mersatur
276 1761 419 1823 missusque
433 1761 546 1810 secundo
561 1760 648 1808 defluit
661 1759 745 1816 amui3

140 1856 184 1896 aut
196 1856 299 1897 tonsum
312 1849 377 1897 tristi
391 1850 563 1911 continguont
576 1864 668 1911 corpus
683 1863 790 1909 amurga
830 1879 834 1885 -

139 1945 164 1984 et
176 1952 279 1999 spumas
293 1938 401 1986 miscent
414 1938 513 1999 argenti
527 1945 552 1985 et
565 1939 673 2000 sulpura
685 1937 741 1984 viva

69 2032 118 2072 450
139 2026 281 2088 Idaeasque
294 2027 363 2089 pices
377 2033 401 2073 et
414 2027 517 2088 pinguis
531 2026 646 2087 unguine
660 2040 731 2073 ceras

139 2114 863 2177 scillamqueelleborosquegravisnigrumquebitumen.

139 2218 190 2250 non
204 2210 291 2251 temen
305 2204 359 2250 ulla
372 2204 454 2265 magis
468 2218 588 2266 praesens
601 2204 705 2250 fortune
723 2203 867 2251 laborumst

139 2306 217 2353 quam
230 2292 310 2353 siquis
324 2290 390 2338 ferro
404 2293 487 2353 potuit
500 2291 644 2339 rescindere
657 2306 784 2339 summum

138 2380 231 2428 ulceris
246 2395 289 2427 os:
311 2379 389 2429 alitur
401 2379 490 2427 vitium
504 2380 615 2441 vivitque
628 2382 749 2441 tegendo,

68 2473 118 2515 455
139 2469 200 2515 dum
213 2468 325 2516 medicus
340 2468 461 2516 adhibere
474 2483 565 2515 manus
579 2468 611 2515 ad
625 2469 731 2518 volnera
743 2477 833 2533 pastor

139 2556 250 2618 abnegat
264 2564 308 2605 eut
320 2557 430 2605 meliora
442 2557 504 2605 deos
517 2558 589 2604 sedet
601 2557 690 2605 omina
702 2573 821 2621 poscens.

136 2646 199 2705 quin
214 2645 300 2704 etiam,
316 2646 368 2694 ima
381 2646 457 2693 dolor
470 2645 604 2693 balantum
617 2646 705 2707 lapsus
719 2647 752 2694 ad
766 2661 825 2694 osea
