1816 2956
385 203 492 241 CULEX.

111 376 126 406 o
140 361 260 422 pecudes,
277 375 292 406 0
306 374 385 422 panes
399 367 423 406 et
437 374 451 406 ο
465 360 611 420 gratissima
624 367 707 422 tempe

57 453 89 495 95
110 449 208 496 frondis
223 449 434 510 hamadryadum‚
451 463 560 509 quarum
574 463 626 495 non
641 449 717 496 divite
731 449 801 495 cultu

110 538 225 585 aemulus
239 538 352 585 Ascraeo
366 544 454 599 pastor
466 537 513 583 sibi
527 537 637 598 qrrisque
651 544 743 599 poetae

110 641 226 674 securam
239 627 343 688 placido
358 625 469 673 traducit
481 633 584 687 pectore
596 625 690 673 vitum!

145 714 252 762 Talibus
266 715 294 762 iu
306 715 397 762 studiis
412 713 505 762 baculo
519 713 580 760 dum
592 713 669 760 nixus
683 715 784 776 apricas

110 809 198 864 pastor
210 803 265 864 agit
277 817 351 850 curas
365 810 390 850 ct
402 803 463 848 (lum
476 817 529 848 non
542 809 596 849 arte
610 815 706 851 canora
864 803 881 835 θ

57 896 91 938 00
111 897 246 952 compacte
258 891 362 937 solitum
376 891 523 938 modulatur
537 891 662 938 amnrline
675 905 788 950 carmen,

112 978 194 1025 tendit
205 979 333 1028 inevectus
347 979 433 1025 radios
447 978 601 1040 Hyperionis
616 980 692 1026 ardor

110 1067 247 1129 lucidaque
261 1068 375 1116 aetherio
388 1068 462 1129 ponit
475 1068 623 1114 discrimina
636 1069 742 1126 mundo,

111 1156 171 1202 dum
184 1155 246 1204 iacit
255 1156 388 1204 Oceanum
401 1157 517 1204 flammas
531 1157 558 1202 in
572 1165 707 1218 utrumque
721 1171 836 1219 rapaces.

110 1252 135 1291 et
147 1245 199 1291 iam
213 1245 383 1306 compellente
397 1259 477 1305 vagao
490 1253 592 1307 pastore
607 1246 722 1307 capellae

57 1338 89 1381 05
110 1334 162 1380 ima
174 1333 329 1380 susurrantis
342 1333 466 1394 repebant
479 1334 511 1380 ad
524 1334 590 1380 vada
602 1333 731 1396 lymphae,

109 1435 176 1484 quae
189 1421 276 1469 subter
289 1422 396 1469 viridem
415 1422 562 1470 residebant
579 1422 684 1470 caerula
703 1437 836 1480 muscurn3

109 1510 162 1557 iam
175 1510 273 1558 medias
287 1525 394 1572 operum
408 1519 492 1573 partes
506 1518 605 1558 erectus
620 1517 674 1559 erut
686 1511 734 1567 sol,

109 1613 168 1646 cum
182 1599 273 1646 densas
287 1606 374 1660 pastor
387 1600 498 1661 pecudes
512 1599 621 1659 cogebat
634 1599 660 1645 in
673 1598 778 1646 umbras

109 1694 135 1734 et
146 1688 236 1749 procul
250 1687 368 1748 adspexit
381 1688 439 1734 luco
453 1688 565 1735 residere
578 1687 677 1744 virenti,

58 1780 89 1821 10
109 1774 185 1823 Delia
199 1776 265 1833 diva,
281 1784 334 1833 luc,
351 1791 402 1838 quo
416 1777 548 1837 quondam
561 1776 628 1823 ricta
641 1776 726 1823 lirrorc
759 1769 761 1776 Α

109 1865 178 1912 renit
189 1862 334 1925 Nyctelium
348 1865 449 1925 fugiens
464 1864 584 1913 Cadmeis
598 1867 698 1925 Agaue,

108 1951 228 2000 infandas
241 1954 366 2001 scelerata
378 1968 469 2001 manus
483 1969 496 2001 e
510 1954 588 2001 caede
602 1959 721 2000 cruenta:

109 2056 175 2102 quae
187 2042 280 2102 gelidis
294 2042 420 2090 bacchata
433 2043 500 2102 iugis
513 2042 637 2104 requierit
650 2041 676 2087 in
690 2047 773 2099 antro,

108 2131 234 2190 posterius
248 2145 358 2192 poenam
371 2132 443 2192 gnati
458 2132 488 2178 de
502 2138 584 2179 morte
597 2131 697 2178 datura.

57 2223 87 2264 15
109 2217 151 2265 hic
164 2219 241 2267 etiam
254 2219 328 2266 viridi
341 2219 459 2267 ludentes
473 2235 551 2281 panes
565 2221 591 2266 in
606 2219 686 2266 herba

108 2314 134 2354 et
145 2308 222 2369 satyri
237 2308 397 2370 dryadesque
410 2308 503 2356 choros
517 2323 591 2369 egere
605 2308 707 2370 puellae

108 2396 232 2443 naiadum
245 2404 334 2444 coctu:
357 2404 456 2443 tantum
470 2412 522 2444 non
537 2396 655 2459 Orpheus
670 2396 783 2444 Hebrum

108 2492 247 2532 restantem
260 2485 342 2533 tenuit
356 2486 416 2547 ripis
430 2486 557 2548 silvasque
571 2485 698 2543 canendo,

108 2580 234 2634 quantum
248 2581 272 2621 te
285 2575 377 2636 pernix
390 2582 551 2622 remorantur
564 2576 623 2622 dira
636 2575 738 2633 chorea,

59 2665 88 2708 20
107 2661 190 2708 multa
202 2669 247 2709 tuo
260 2661 343 2712 laetae
357 2663 492 2712 fundentes
506 2665 603 2726 gaudia
614 2665 701 2722 uultu,
