1816 2956
76 197 137 245 266
314 209 341 247 a.
358 207 480 248 vanem
499 209 629 250 alacrus

75 369 126 412 450
146 372 305 427 consurgunt
317 365 408 413 studiis
422 365 515 414 Teucri
529 373 554 414 et
566 367 701 415 Trinacria
713 369 804 432 pubes,

145 453 165 500 it
177 455 275 502 clamor
288 455 369 513 caele,
385 455 534 518 primusque
548 457 658 504 accurrit
669 441 776 507 Acestes

72 524 74 530 ,
146 557 355 606 aequaevamque
369 544 400 591 ab
414 544 494 592 humo
501 545 626 593 miserans
639 547 734 594 attollit
746 549 842 597 amicur

144 639 172 680 at
183 643 236 679 non
250 634 364 681 tardatus
378 646 439 681 casu
453 648 536 696 neque
550 635 650 682 territus
663 635 740 684 heros

145 721 229 769 acrior
242 722 274 769 ad
288 737 403 784 pugnam
415 723 482 770 redit
495 737 525 770 ac
538 723 589 770 vim
602 723 709 772 suscitat
720 724 767 771 ira.

75 815 125 857 455
145 816 199 858 tum
212 812 296 873 pudor
308 811 424 860 incendit
436 811 501 859 vires
515 818 541 859 et
552 812 657 859 conscia
669 813 757 871 virtus,

144 900 364 962 praecipitemque
375 901 463 948 Daren
477 901 569 948 ardeus
583 901 638 962 agit
650 915 763 963 aequore
776 907 841 962 toto,

145 1003 214 1037 nunc
227 989 317 1037 dextra
330 989 492 1052 ingeminans
504 990 579 1049 ictus,
595 1004 664 1037 nunc
676 990 722 1038 ille
734 990 840 1039 sinistra

144 1091 192 1126 nee
211 1092 299 1137 mora,
321 1091 369 1126 nec
387 1078 504 1140 requies:
537 1092 615 1141 quam
639 1079 721 1126 multa
744 1079 842 1140 grandi&

444 1167 525 1215 nimbi

144 1255 299 1304 culminibus
314 1255 448 1318 crepitant,
464 1257 501 1304 sic
513 1257 598 1305 densis
612 1256 705 1304 ictibus
718 1256 796 1304 heros

73 1351 124 1393 460
144 1346 232 1394 creber
245 1352 354 1408 utraque
367 1361 445 1393 manu
457 1347 544 1408 pulsa-t
555 1352 690 1408 versatque
702 1345 811 1393 Dareta.

143 1443 197 1482 tum
210 1442 283 1497 pater
295 1436 397 1483 Aeneas
410 1436 549 1497 procedere
562 1435 665 1496 longius
678 1435 729 1482 iras

144 1530 169 1572 et
181 1524 277 1572 saevire
291 1525 382 1572 animis
395 1524 525 1572 Entellum
538 1524 607 1571 haud
621 1538 711 1586 passus
726 1522 835 1583 acerbis,

144 1613 187 1660 aed
202 1613 278 1660 linem
292 1613 407 1676 inposuit
419 1628 523 1675 pugnae
536 1613 684 1675 sessumque
696 1612 795 1660 Dareta

143 1702 244 1764 eripuit,
260 1702 375 1749 mulcens
389 1701 471 1760 dictu,
488 1717 517 1749 ac
531 1702 592 1748 talia
605 1701 680 1748 satur.

73 1796 123 1838 465
142 1781 252 1850 infelix,
268 1805 335 1852 qnae
348 1797 420 1837 tanta
434 1791 548 1837 animum
563 1791 692 1838 dementia
705 1789 789 1852 cepit?

143 1894 195 1927 non
209 1879 268 1926 viris
283 1879 347 1926 alias
361 1893 535 1941 conversaque
549 1879 656 1926 numina
669 1879 765 1926 sentis?

144 1969 207 2016 cede
221 1961 289 2015 de0.'
315 1968 431 2030 dixitque
444 1974 469 2015 et
481 1967 581 2029 proelia
593 1982 654 2014 voce
668 1968 779 2015 diremit.

144 2064 184 2104 ast
195 2057 270 2104 illum
284 2057 327 2104 lidi
341 2057 470 2118 aequales,
486 2071 571 2117 genua
585 2071 663 2117 aegra
676 2056 820 2104 trahentem

144 2145 334 2207 iactantemque
353 2152 463 2206 utreque
483 2153 559 2207 capnt
573 2159 740 2216 crassumque
754 2159 842 2194 cruore

73 2238 124 2282 470
144 2249 188 2281 ore
202 2234 352 2281 eiectantem
365 2234 512 2295 mixtosque
525 2234 551 2280 in
565 2233 690 2293 sanguine
705 2233 804 2288 dentes,

143 2323 241 2370 ducunt
253 2323 285 2369 ad
299 2323 380 2380 navis,
396 2323 549 2384 galeamque
563 2336 701 2384 ensemque
715 2323 799 2370 vocati

143 2411 282 2472 accipiunt,
297 2411 411 2472 palmam
424 2412 526 2459 Entello
540 2418 693 2472 taurumque
707 2411 842 2459 relincunt.

143 2501 185 2548 hic
198 2501 287 2557 victor,
303 2514 426 2561 superans
441 2501 533 2547 animis
547 2509 672 2562 tauroque
685 2500 822 2561 superbus,

140 2580 210 2636 ‘nate
224 2589 272 2637 dea
285 2603 381 2651 vosque
395 2588 467 2636 haec'
479 2589 564 2650 inquit
573 2578 748 2650 ‘cognoscite,
765 2588 842 2637 Teuc}

58 2683 76 2723 4
81 2681 114 2726 75
134 2679 241 2728 etmihi
256 2694 325 2746 quae
338 2678 436 2728 fuerint
446 2677 561 2726 iuvenali
571 2678 601 2724 in
613 2691 719 2738 carpere
732 2677 799 2725 vires
