1816 2956
63 2592 91 2777 l

112 193 172 240 228
350 202 376 239 P.
393 201 515 240 VERGILI
532 199 664 240 MARONlb'

178 374 247 407 nunc
261 359 370 407 hiemem
383 359 450 406 inter
463 373 489 406 se
503 358 575 415 luxu,
592 373 670 420 quam
684 359 771 420 longa,
787 358 874 408 fovere

178 462 318 511 regnorum
330 448 485 495 inmemores
497 447 617 509 turpique
631 447 751 509 cupidine
765 454 865 510 captos.

111 541 158 585 195
178 537 243 585 haec
256 537 351 598 passim
365 537 413 584 dea
425 535 503 584 foeda
515 536 595 583 virum
610 536 730 583 diffundit
742 536 769 583 in
783 550 837 583 ora.

178 614 295 688 protinus
310 625 342 672 ad
356 638 443 686 regem
456 639 544 672 cursus
559 625 694 686 detorquet
706 624 800 673 Iarban

177 713 344 776 incenditque
358 713 474 761 animum
487 713 561 760 dictis
575 720 652 776 atque
666 721 773 775 aggerat
785 714 845 761 iras.

214 802 263 851 Hic
300 801 459 850 Hammone·
482 809 551 850 satus
565 837 571 860 ,
611 810 685 864 rapt-a
723 800 901 851 Garamantide

480 892 602 953 nympha,

179 981 274 1043 templa
286 980 341 1028 Iovi
355 986 458 1028 centum
471 980 529 1028 latia
542 980 659 1027 inmania
672 980 767 1042 regnis,

107 1075 159 1118 200
179 1075 282 1118 centum
291 1084 352 1117 aras
365 1070 464 1132 posuit,
484 1069 638 1131 vigilemque
652 1075 797 1117 sacraverat
809 1069 901 1130 ignem,

177 1158 299 1207 excubias
313 1159 399 1206 divom
413 1165 537 1217 aeternas,
554 1159 733 1220 pecudumque
746 1171 837 1205 cruore

178 1248 275 1310 pingue
287 1248 373 1294 solum
386 1253 411 1295 et
422 1247 499 1294 variis
512 1247 630 1295 florentia
643 1247 735 1295 limine
747 1247 829 1294 sertis.

177 1336 251 1399 isque
264 1350 352 1385 amens
366 1336 445 1383 animi
459 1343 484 1384 et
496 1350 598 1384 rumore
612 1350 735 1384 accensus
748 1349 838 1383 umaro

178 1425 272 1473 dieitur
285 1432 344 1472 ante
357 1439 414 1473 aras
428 1425 514 1471 media
526 1425 593 1472 inter
605 1425 713 1472 numina
727 1425 813 1471 divom

105 1519 158 1562 205
177 1515 259 1562 multa
271 1514 359 1562 Iovem
371 1512 490 1560 manibus
504 1514 614 1576 supplex
627 1527 714 1561 orasse
726 1513 834 1575 supinis.

175 1593 301 1665 ‘Iuppiter
315 1603 487 1664 omnipotens,
504 1603 544 1650 cui
558 1616 627 1649 nunc
639 1601 772 1648 Maurusia
785 1601 861 1663 pictis

178 1706 240 1754 gens
254 1692 359 1754 epulata
371 1691 434 1738 toris
447 1690 580 1738 Lenaeum
594 1690 658 1739 libat
671 1691 805 1749 honorem,

178 1780 359 1844 espicishaec?
374 1795 406 1827 en
419 1786 453 1838 te,
469 1780 579 1841 genitor,
596 1795 654 1827 cum
668 1778 778 1826 fulmine
790 1786 901 1841 torques,

177 1871 337 1933 nequiquam
350 1870 484 1917 horremus
498 1869 620 1931 caecique
633 1869 660 1914 in
673 1867 785 1914 nubibus
799 1868 873 1929 ignes

107 1966 159 2008 210
179 1959 320 2007 terrificant
333 1958 433 2005 animos
448 1966 472 2005 et
485 1959 574 2005 inania
588 1972 719 2005 murmura
733 1957 860 2005 miscent?

178 2048 274 2096 femina
288 2061 354 2109 quae
367 2047 460 2094 nostris
486 2060 573 2093 errans
587 2046 614 2092 in
627 2045 721 2092 finibus
734 2046 825 2094 urbem

179 2138 300 2198 exiguam
312 2136 394 2198 pretio
408 2135 502 2197 posuit,
518 2135 558 2182 cui
572 2135 633 2182 litus
646 2135 772 2182 arandum

179 2226 272 2288 cuique
285 2225 335 2272 loci
349 2225 419 2286 leges
433 2225 558 2281 dedimus,
573 2223 684 2271 conubia
697 2229 785 2270 nostra

179 2314 291 2378 reppulit
304 2329 334 2362 ac
347 2314 480 2361 dominum
494 2313 602 2360 Aenean
615 2313 642 2358 in
655 2327 735 2373 regna
749 2313 855 2375 recepit.

108 2410 159 2452 215
180 2411 205 2453 et
216 2418 285 2452 nune
297 2404 342 2452 ille
354 2403 427 2451 Paris
441 2417 499 2450 cum
512 2401 630 2449 semiviro
644 2403 776 2459 comitatu,

179 2493 301 2542 Maeonia
313 2499 427 2540 mentum
440 2491 516 2538 mitra
529 2491 677 2552 crinemque
689 2490 839 2538 madentem

179 2583 318 2640 subnexus,
333 2588 408 2644 rapto
421 2581 533 2643 potitur:
555 2594 601 2626 nos
615 2594 722 2626 munera
734 2581 838 2642 templis

167 2672 269 2736 quippe
284 2671 335 2720 tuis
349 2670 457 2721 ferimus
469 2668 618 2731 famamque
628 2668 742 2715 levemus
757 2660 884 2718 inanem'
