1816 2956
316 176 342 213 P.
361 176 481 215 vunnim
502 176 632 216 MARONIS

146 347 204 379 cunr
215 332 322 394 gemitu,
338 333 446 381 reboant
457 334 587 396 silvaeque
598 343 623 382 et
634 335 727 397 longus
737 335 871 398 Olympus.

146 435 192 468 nec
206 436 261 469 mos
275 421 395 469 bellantis
409 436 461 470 una
473 422 611 481 stabulare,
628 425 672 471 scd
687 425 750 472 alter

74 515 124 557 225
144 510 225 558 vietus
239 509 293 557 ubit
304 510 434 572 longeque
447 511 543 572 ignotis
558 512 647 560 exulat
662 513 722 571 oris,

144 598 226 647 multa
239 613 344 660 gemens
358 599 529 660 ignominiam
541 600 685 663 plagasque
698 602 801 664 superbi

144 688 256 746 victoris,
272 695 325 735 turn
340 703 404 751 quos
419 688 505 736 omisit
517 688 613 736 inultus
627 704 737 747 amores,

144 783 169 823 ct
181 776 284 824 stabula
297 777 450 839 adspectans
464 776 549 838 regnis
563 778 673 825 excessit
686 779 768 826 avitis.

145 873 208 926 ergo·
220 865 291 912 omni
305 880 367 913 euru
379 865 444 913 vires
458 871 560 914 exercet
573 872 598 914 et
610 866 677 914 inter

72 957 123 1000 230
144 953 208 1000 dura
220 953 288 1002 iacet
300 969 399 1016 pernox
413 955 521 1001 instrato
535 968 598 1002 saxa
611 955 699 1014 cubili,

143 1042 277 1090 frondibus
291 1042 394 1090 hirsutis
407 1050 432 1090 et
445 1043 528 1090 carice
541 1049 629 1105 pastus
644 1050 727 1101 acuta,

143 1138 168 1180 et
181 1139 289 1194 temptat
301 1146 356 1180 sese
370 1139 447 1194 atque
461 1132 537 1180 irasci
550 1132 577 1178 in
590 1147 688 1180 cornua
702 1132 777 1180 discit

143 1220 241 1268 arboris
255 1220 365 1268 obnixus
379 1228 470 1268 trunco
483 1228 624 1282 ventosque
637 1221 741 1269 lacessit

142 1309 235 1356 ictibus
248 1316 273 1355 et
286 1324 375 1371 sparsa
389 1310 420 1356 ud
434 1324 548 1372 pugnum
561 1310 677 1372 proludit
689 1309 795 1357 herena.

72 1402 121 1444 235
142 1405 200 1459 post
213 1397 256 1444 ubi
270 1398 407 1446 collectum
422 1398 500 1446 robur
511 1398 629 1460 viresque
642 1398 761 1456 refectae,

142 1487 216 1547 sigua
228 1495 313 1534 movet
323 1488 497 1550 pr'aeccpsque
505 1487 613 1534 oblitum
623 1487 703 1535 fertur
714 1487 741 1533 in
753 1487 852 1535 hostem
863 1505 868 1545 ς

140 1575 232 1622 fluctus
245 1575 282 1622 uti
296 1577 381 1624 medlo
395 1577 480 1638 coepit
493 1591 551 1644 eum
564 1575 694 1623 albescere
706 1582 796 1638 ponto,

142 1664 244 1725 longius
258 1679 290 1712 cx
303 1664 408 1726 altoque
421 1665 506 1711 sinum
520 1665 606 1722 trabit,
622 1671 702 1726 utque
715 1665 818 1712 volutus

141 1753 173 1800 ad
187 1760 266 1800 terius
281 1753 384 1800 inmune
398 1760 473 1800 sonat
486 1768 531 1815 per
544 1769 615 1812 saxa,
632 1767 716 1814 neque
729 1753 786 1815 ipso

70 1848 120 1889 240
141 1849 226 1889 monte
240 1842 326 1888 minor·
338 1841 492 1903 procumbit,
509 1843 600 1889 etima
613 1848 746 1889 exaestuat
760 1844 830 1890 undu

140 1931 275 1979 verticibus
290 1931 443 1992 nigrumque
457 1931 508 1978 ulte
522 1930 648 1978 subiectat
660 1931 793 1978 harenam.

176 2019 259 2068 Omne
279 2019 344 2067 adeo
363 2034 444 2079 genus
463 2019 490 2066 in
508 2020 582 2066 terris
600 2019 785 2082 hominumque
805 2022 869 2068 seru·

440 2123 557 2170 rumque,

139 2204 164 2244 et
176 2211 257 2257 genus
272 2211 437 2258 aequoreum,
453 2193 569 2259 pecudes
578 2197 713 2259 pictaeque
726 2197 844 2246 volueres

139 2286 166 2332 in
179 2285 258 2332 furias
272 2286 409 2347 ignemque
423 2293 512 2333 ruunt:
534 2301 607 2333 amru·
620 2285 738 2332 omnibus
752 2285 830 2333 idem.

9 2441 11 2448 γ
69 2379 118 2421 245
139 2382 255 2436 ternpore
268 2389 319 2421 non
335 2375 387 2422 alio
401 2375 546 2445 catulorum
560 2374 642 2422 oblita
654 2375 746 2422 leaena

136 2463 238 2510 saeuior
251 2463 343 2511 errarit
356 2464 453 2526 campis
466 2478 514 2510 nec
527 2462 618 2510 funera
630 2463 707 2523 volgo

119 2555 174 2594 mm
188 2553 278 2602 multa
292 2554 422 2604 informes
438 2555 491 2604 ursi
506 2560 675 2616 stragemque
686 2552 779 2598 dedere

92 2647 150 2692 W
161 2639 272 2704 siluam
294 2652 356 2697 rum
370 2664 471 2699 saevos
486 2661 565 2713 aper,
580 2652 642 2694 tum
652 2639 771 2706 pssimi*
780 2637 867 2694 *325le
