1816 2956
255 120 424 163 enonercou
442 121 528 162 menn
546 122 576 163 u.
775 113 810 162 81

86 278 204 341 agricola
215 279 321 328 incurvo
334 286 429 328 terram
443 279 549 328 dimovit
561 287 660 328 aratro:

85 367 147 416 hinc
161 368 222 416 anni
236 368 318 428 labor,
333 368 395 418 hine
407 369 517 431 patriam
529 383 673 431 parvosque
691 375 796 432 penates

33 463 64 505 15
85 457 208 517 sustinet,
235 457 295 506 hinc
318 464 434 506 armenta
456 457 535 505 boum
553 459 709 521 meritosque
728 459 814 506 iuvcu-

388 562 440 597 cos.

85 649 134 683 nec
146 635 247 697 requies
261 635 324 698 quin
338 644 383 684 aut
394 638 478 699 pomis
492 636 614 685 exuberet
626 651 708 684 annus

85 729 132 769 aut
144 722 196 770 fetu
210 738 331 785 pecorum
345 733 389 773 aut
402 724 516 774 Cerealis
530 725 637 786 mergite
652 725 728 773 calmi

85 817 263 874 proventuque
277 820 366 862 oneret
378 815 463 862 sulcos
478 821 555 876 atque
568 814 661 861 horrea
673 815 765 861 vincat.

84 899 155 945 venit
168 899 264 948 hiems:
285 902 375 950 teritur
388 900 510 964 Sicyonia
523 901 587 950 baca
600 903 714 964 trapetis,

33 992 64 1035 20
85 987 182 1048 glande
195 1003 253 1037 sues
266 990 326 1037 laeti
340 991 456 1050 redeunt,
472 992 534 1038 dant
546 991 638 1038 arbuta
651 991 746 1050 silvae3

85 1082 112 1124 et
123 1076 208 1124 varios
221 1079 294 1140 ponit
307 1079 372 1127 fetus
386 1086 523 1128 autumnus
537 1087 562 1128 et
574 1081 625 1129 alte

84 1164 155 1212 mitis
169 1165 194 1212 in
209 1167 303 1228 apricis
316 1168 436 1231 coquitur
448 1169 577 1216 vindemia
590 1169 668 1216 saxis.

84 1255 185 1304 interea
197 1256 285 1305 dulces
299 1257 412 1318 pendent
425 1257 521 1305 circuni
534 1258 623 1304 oscula
636 1257 699 1315 nati,

85 1351 158 1391 casta
169 1345 320 1407 pudicitiam
333 1353 416 1393 servat
430 1347 530 1404 domus,
545 1345 625 1394 ubera
637 1360 729 1394 vaccae

33 1439 62 1482 25
85 1433 170 1481 lactea
184 1434 320 1482 demittunt
333 1434 493 1496 pinguesque
507 1435 533 1482 iu
546 1435 662 1495 gramine
675 1435 743 1482 laeto

85 1521 153 1570 inter
165 1537 193 1570 se
206 1522 318 1571 adversis
332 1523 462 1570 luctantur
476 1523 595 1571 cornibus
609 1523 694 1570 haedi.

84 1611 141 1672 ipse
154 1611 208 1659 dies
221 1610 302 1672 agitat
315 1611 392 1659 festos
405 1611 529 1674 fususque
542 1627 587 1674 pcr
600 1611 715 1670 herbam,

84 1699 153 1760 ignis
167 1699 210 1747 ubi
223 1700 250 1746 in
264 1701 349 1748 media
363 1707 389 1748 et
401 1700 464 1748 socii
478 1707 577 1749 cratera
590 1707 724 1758 coronant,

84 1793 118 1846 te,
134 1787 228 1848 libans,
243 1788 354 1848 Lenaee,
370 1796 452 1847 vocet,
467 1789 618 1850 pecorisque
631 1789 760 1850 magistris

33 1883 62 1924 l0
84 1876 180 1924 velocis
193 1877 270 1925 iaculi
286 1877 426 1925 certamina
439 1877 513 1939 pouit
525 1877 551 1923 in
565 1878 645 1935 ulmo,

84 1979 246 2028 corporaque
260 1965 352 2028 agresti
367 1966 466 2012 nudant
478 1966 605 2028 praedura
618 1967 770 2027 palaestrae.

85 2053 153 2102 haue
166 2054 228 2102 olim
240 2061 338 2102 veteres
351 2054 428 2102 vitam
443 2056 545 2103 coluere
559 2053 658 2113 Sabini,

83 2142 152 2190 hanc
165 2142 259 2191 Remus
273 2149 298 2191 et
310 2143 396 2201 frater,
412 2143 449 2191 sie
462 2142 534 2191 sortis
548 2143 651 2190 Etruria
665 2144 744 2192 crevit

83 2230 183 2279 scilicet
195 2238 220 2279 et
232 2246 317 2279 rerum
330 2230 398 2279 facta
411 2239 449 2279 est
461 2231 635 2294 pulcherrima
648 2231 741 2290 Roma,

33 2327 60 2370 35
83 2326 235 2383 septemque
247 2335 300 2366 uua
312 2318 360 2366 sibi
374 2335 447 2368 mura
462 2321 632 2369 circumdedit
645 2335 725 2368 arces.

83 2416 143 2457 ante
157 2409 233 2456 etiam
247 2416 373 2470 sceptrum
386 2408 489 2458 Dictaei
503 2410 573 2475 regis
588 2418 614 2462 et
627 2418 690 2460 ante

74 2496 153 2554 impia
166 2510 243 2556 quum
257 2497 340 2545 eaesis
351 2513 419 2562 gens
435 2509 474 2552 est
489 2506 606 2571 epulata
617 2503 762 2560 iuuencas,

57 2591 153 2622 aureus
163 2579 234 2627 lianc
248 2585 328 2635 vitam
344 2589 369 2638 in
388 2595 471 2645 terris
489 2595 639 2648 Saturnus
656 2595 781 2660 egem&

33 2653 150 2706 aemilius.
676 2683 696 2731 ὓ
