1816 2956
252 176 421 220 unoauroou
438 180 525 220 urana
539 180 579 220 ιν.
752 168 809 220 118

86 338 219 400 accipiunt
230 338 400 400 redduntque,
419 337 463 386 alii
476 338 610 386 stridentia
622 338 743 400 tinguent

87 440 148 475 aera
160 427 235 486 lacu3
255 427 335 488 gemit
347 426 464 489 inpositis
477 426 614 475 incudibus
627 427 729 487 Aetna3

86 516 125 564 illi
138 515 205 563 inter
218 528 273 564 sese
285 529 382 576 magua
393 516 417 562 vi
431 514 553 564 bracchia
565 516 660 563 tollunt

39 609 68 654 lb
86 604 115 652 in
128 618 262 652 numerum
275 611 427 666 versantque
439 604 523 652 tenaci
537 605 635 667 forcipe
648 604 757 653 ferrum:

87 707 140 740 non
153 693 236 751 aliter,
252 693 273 740 si
285 707 365 755 parva
377 692 438 741 licet
450 707 596 755 conponere
608 693 719 755 magnis,

87 780 227 843 Cecropias
240 781 343 829 innatus
357 794 416 844 apes
430 796 503 830 amor
516 789 608 843 urguet
620 780 731 830 habendi

86 884 193 918 munere
206 884 336 932 quamque
349 884 405 918 suo.
432 871 585 931 grandaevis
599 871 695 932 oppida
708 886 784 920 curae

87 966 113 1007 et
124 957 225 1006 munire
238 956 310 1005 favos
324 964 349 1006 et
361 958 471 1007 daedala
484 959 580 1020 lingere
595 965 670 1007 tecta.

39 1052 67 1095 30
87 1052 115 1095 at
127 1046 208 1094 fessae
221 1047 303 1094 multa
314 1044 428 1095 referunt
440 1061 467 1095 se
479 1053 555 1095 nocte
568 1047 689 1107 minores,

88 1150 163 1184 crura
175 1134 263 1196 thymo
275 1135 384 1197 plenae;
406 1142 546 1198 pascuntur
559 1142 584 1182 et
597 1136 689 1184 arbuta
701 1137 797 1199 passim

86 1231 113 1272 et
124 1223 231 1285 glaucas
245 1223 336 1271 salices
350 1223 499 1286 casiamque
512 1237 667 1286 crocumque
682 1224 814 1272 rubentem

87 1319 113 1360 et
125 1311 247 1374 pinguem
260 1311 343 1360 tiliam
355 1319 381 1359 et
393 1311 552 1373 ferrugineos
565 1311 725 1374 hyacinthos.

87 1399 207 1448 omnibus
220 1413 273 1446 una
286 1399 358 1461 quies
372 1413 486 1463 operum,
502 1400 576 1449 labor
589 1398 707 1447 omnibus
718 1414 793 1448 unus.

39 1494 67 1539 35
88 1503 164 1537 mane
182 1494 261 1534 ruunt
278 1488 374 1550 portis3
400 1502 527 1551 nusquam
546 1503 633 1536 mora:
655 1502 740 1536 rursus
760 1502 814 1536 eas·

388 1577 445 1625 dem

86 1665 185 1728 Vesper
197 1665 240 1712 ubi
255 1679 268 1713 e
280 1672 356 1728 pastu
369 1665 474 1713 tandem
487 1666 609 1714 decedere
623 1664 720 1727 campis

87 1753 235 1812 admonuit,
250 1760 305 1800 turn
318 1760 385 1801 tecta
398 1760 501 1816 petunt,
517 1760 571 1800 tum
585 1768 694 1815 corpora
707 1760 813 1811 curant;

86 1843 116 1890 fit
127 1842 225 1890 sonitus
239 1849 405 1904 mussantque
419 1857 477 1890 oras
491 1849 516 1890 et
528 1843 619 1890 limina
632 1843 736 1890 circum.

87 1937 146 1994 post
158 1930 201 1977 ubi
216 1931 267 1978 ianr
281 1931 402 1978 thalamis
415 1945 442 1978 se
455 1944 622 1992 conposuere,
638 1931 727 1978 siletur

39 2027 69 2071 30
88 2021 116 2067 iu
129 2026 232 2067 nomem
245 2019 376 2081 fessosque
390 2033 467 2082 sopor
480 2033 539 2066 suos
553 2027 663 2081 occupat
676 2026 752 2066 artus.

87 2122 136 2156 nec
148 2122 208 2156 vero
222 2125 237 2156 a
250 2107 357 2156 stabulis
371 2109 457 2170 pluvia
470 2108 624 2170 inpendente
637 2108 759 2156 recedunt

89 2197 193 2258 lougius
207 2204 252 2244 aut
264 2197 372 2245 eredunt
384 2197 456 2244 caelo
471 2197 665 2245 adventantibus
679 2197 754 2255 euris,

88 2285 132 2334 sed
147 2285 243 2333 circum
256 2292 325 2333 tutae
339 2284 385 2332 rub
399 2286 533 2333 moenibus
548 2285 616 2332 urbis
630 2292 758 2348 aquantur

88 2388 262 2435 excursusque
276 2372 358 2421 brevis
371 2380 497 2436 temptant
510 2381 534 2423 et
546 2388 623 2436 saepe
635 2373 748 2436 lapillos,

39 2468 68 2513 ³5
88 2469 118 2510 ut
130 2462 238 2510 cumbae
250 2450 472 2510 instabilesfluctu
486 2463 598 2510 iactante
611 2462 753 2519 saburram,

88 2551 193 2608 tollunt,
208 2550 247 2598 his
261 2565 315 2599 sese
328 2565 374 2613 per
386 2550 475 2598 inania
486 2549 577 2599 nubila
589 2550 691 2597 librant.

88 2639 164 2688 illum
177 2639 242 2688 adeo
254 2640 382 2702 placuisse
395 2638 485 2702 apibus
498 2638 627 2688 mirabere
637 2651 755 2695 morem,

71 2721 192 2778 Vergiliae
651 2719 672 2769 8
