1816 2956
255 178 403 217 Aruernos
426 179 513 218 arana
529 181 571 219 rx.
752 171 809 218 391

37 342 65 384 50
82 326 160 397 tquae
174 336 253 393 vobis,
270 351 336 397 quae
351 336 438 396 digna,
454 336 509 393 viri,
525 351 572 398 pro
587 337 707 384 laudibus
721 337 774 383 istis

85 425 200 487 praemia
212 438 287 485 posse
301 438 358 472 rear
371 423 453 471 solvi?
466 424 641 485 pulcherrima
655 426 767 487 primum

85 514 111 560 di
124 527 260 574 moresque
274 513 372 561 dabunt
385 513 476 571 vestri,
496 520 551 560 tum
564 520 647 561 cetera
661 514 751 562 reddet

85 610 199 650 actutum
213 601 270 663 pius
282 603 384 649 Aeneas
398 608 474 662 atque
488 601 587 662 integer
600 603 654 650 aevi

84 692 222 748 Ascanius,
238 690 322 737 meriti
336 689 399 737 tanti
415 704 467 736 non
480 689 607 737 inmemor
620 683 762 752 umquam'

37 784 64 827 55
82 770 172 827 ‘immo
187 794 235 840 ego
249 793 302 836 vos,
320 778 360 825 cui
374 778 431 824 sola
443 780 512 826 salus
526 778 643 840 genitore
655 770 769 826 reducto’

85 868 180 929 excipit
192 867 330 924 Ascanius,
343 855 400 927 ‘per
412 881 530 927 magnos,
546 865 615 924 Nise,
631 874 737 929 penates

85 955 259 1015 Assaracique
272 954 366 1001 Larem
380 960 405 1001 et
418 969 498 1002 canae
511 954 655 1016 penetralia
667 953 761 1001 Vestae

86 1043 215 1100 obtestor3
231 1055 408 1103 quaecumque
422 1042 486 1090 mihi
500 1043 604 1091 fortuna
617 1042 764 1104 fidesquest,

85 1129 112 1175 in
125 1131 214 1176 vestris
227 1145 296 1192 pono
310 1129 429 1190 gremiis:
445 1140 562 1177 revocate
575 1137 717 1192 parentem,

37 1223 66 1264 50
86 1218 183 1266 reddite
197 1198 379 1279 cdnspeotum3
394 1217 458 1265 nihil
472 1218 519 1265 illo
533 1218 604 1266 triste
616 1225 728 1281 recepto.

85 1305 146 1353 bina
160 1305 227 1353 dabo
242 1314 348 1367 argento
362 1305 476 1368 perfecta
488 1313 566 1368 atque
578 1321 670 1369 aspera
683 1307 765 1367 signis·

85 1396 189 1457 pocula,
205 1395 304 1442 devicta
316 1395 418 1456 genitor
431 1409 497 1456 quae
511 1395 580 1457 cepit
591 1394 695 1453 Arisba,

85 1493 110 1532 et
123 1485 237 1547 tripodas
251 1484 377 1545 geminos,
393 1484 448 1531 auri
463 1484 514 1530 duo
528 1497 623 1544 magna
635 1484 741 1542 talenta,

86 1581 185 1621 cratera
198 1573 321 1631 anticum,
339 1587 415 1634 quem
429 1573 473 1620 dat
487 1570 595 1619 Sidonia
608 1571 686 1618 Dido.

37 1666 65 1709 55
84 1662 106 1709 si
120 1677 178 1709 vero
193 1676 284 1724 capere
297 1662 400 1709 Italiam
413 1660 572 1722 sceptrisque
585 1660 662 1722 potiri

84 1751 223 1811 contigerit
235 1750 326 1797 victori
340 1758 365 1798 et
377 1750 490 1811 praedae
503 1750 588 1797 dicere
600 1756 704 1807 sortem,

84 1839 169 1885 vidisti
183 1853 234 1900 quo
248 1839 351 1885 Turnus
365 1837 441 1899 equo,
457 1837 549 1898 quibus
564 1837 617 1884 ibat
630 1837 656 1883 in
671 1837 747 1884 armis

85 1942 192 1985 aureus;
206 1927 289 1988 ipsum
304 1926 387 1983 illum,
403 1926 515 1988 clipeum
528 1926 669 1987 cristasque
682 1925 802 1973 rubentes

85 2015 212 2077 excipiam
226 2014 297 2072 sorti,
312 2015 365 2061 iam
378 2029 447 2062 nunc
460 2022 504 2062 tua
518 2013 641 2076 praemia,
657 2013 726 2062 Nise.

37 2109 65 2152 id
85 2112 218 2165 praeterea
231 2103 269 2150 bis
283 2118 328 2150 sex
341 2103 443 2163 genitor
456 2102 595 2150 lectissima
608 2112 718 2152 matrum

85 2206 195 2253 corpora
208 2191 373 2252 captivosque
387 2191 458 2238 dabit
470 2204 568 2252 suaque
582 2190 700 2238 omnibus
714 2206 795 2249 arma,

85 2280 190 2341 insuper
203 2279 224 2326 is
238 2280 321 2341 campi
336 2280 405 2340 quod
420 2294 464 2327 rex
477 2278 555 2326 habet
568 2278 623 2340 ipse
636 2278 752 2326 Latinus.

84 2376 110 2417 te
123 2383 191 2426 vero,
207 2382 265 2416 mea
278 2383 354 2430 quem
368 2368 457 2430 spatiis
471 2366 635 2429 propioribus
650 2375 719 2413 aetas

84 2457 238 2519 insequitur,
254 2457 398 2505 venerande
412 2470 484 2517 puer,
499 2455 551 2502 iam
564 2462 668 2516 pectore
681 2461 736 2500 toto

37 2551 65 2595 75
86 2546 185 2607 accipio
199 2553 224 2593 et
237 2546 356 2593 comitem
370 2559 446 2594 casus
460 2544 615 2607 conpiector
626 2541 661 2588 in
672 2539 774 2585 omma.

71 2633 144 2679 nulla
157 2633 223 2681 meis
235 2634 295 2686 sine
308 2643 333 2685 te
349 2645 499 2701 quaeretur
515 2633 612 2698 gioria
620 2628 730 2686 rebus,
