1816 2956
63 155 124 204 446
303 164 329 203 r.
346 162 468 204 vuneml
489 162 619 204 nanetus

135 321 256 371 canitiem
268 321 351 368 multo
365 320 492 369 deformat
503 321 608 384 pulvere
620 327 646 370 et
659 322 752 372 umbus

65 415 116 460 845
136 410 168 460 ad
184 411 284 459 caelum
298 411 380 459 tendit
392 412 492 474 palmas
506 417 531 459 et
544 424 652 473 corpore
664 410 794 462 inhaeret.

133 489 248 548 ‘tantane
261 514 302 548 me
316 499 398 548 tenuit
410 499 520 559 vivendi,
536 507 604 559 nete,
621 500 741 563 voluptas

135 597 163 637 ut
175 603 223 651 pro
236 604 277 637 mc
290 589 378 637 hostili
390 596 492 652 paterer
504 588 641 637 succedere
654 589 763 639 dextrae

136 691 212 740 quem
221 678 317 740 genui?
337 678 841 740 tuanehaecgenitorpervoineraservu

135 775 217 816 morte
230 775 275 815 tua
287 767 390 815 vivens?
409 767 473 826 heu,
495 782 564 816 nunc
576 767 671 815 misero
685 767 750 816 mihi
765 769 840 817 demu

66 860 116 904 850
136 856 242 905 exitium
255 856 355 915 infelix,
370 870 439 904 nunc
453 857 504 904 alte
517 856 608 904 volnus
622 855 762 905 eductum!

136 944 205 993 idem
218 959 276 1007 ego,
292 952 360 1003 nute,
376 952 448 992 tuom
461 944 588 992 maculavi
603 943 711 993 crimine
724 954 831 1005 nomen,

135 1035 225 1097 pulsus
239 1033 271 1081 ob
284 1033 408 1081 invidiam
421 1034 488 1081 solio
501 1033 659 1096 sceptrisque
672 1035 800 1096 paternis.

137 1123 275 1171 debueram
289 1122 388 1185 patriae
400 1136 499 1185 poenas
512 1122 632 1185 odiisque
644 1136 781 1172 meorum:

138 1211 220 1260 omnis
233 1225 279 1274 per
292 1212 380 1259 mortis
393 1211 506 1260 animam
519 1219 619 1259 sontem
632 1211 688 1273 ipse
701 1211 842 1262 dedissem!

68 1305 118 1350 855
138 1315 207 1349 nunc
220 1301 277 1347 vivo
285 1314 369 1362 neque
376 1300 461 1349 adhuc
468 1300 730 1362 homiueslucemque
738 1302 842 1365 relinqu

138 1390 182 1438 md
196 1382 332 1451 linquam.³
357 1389 434 1437 simul
447 1389 498 1437 hoc
510 1388 598 1437 dicens
612 1389 709 1437 attollit
721 1389 750 1437 in
764 1405 842 1453 aegra

139 1492 166 1526 se
179 1477 261 1526 femur
274 1485 307 1536 et,
323 1493 481 1541 quemquam
494 1479 531 1525 vis
545 1478 598 1525 alto
611 1478 717 1526 volnere
731 1481 827 1538 tardat,

139 1565 207 1613 haud
222 1566 334 1614 deiectus
348 1581 422 1614 ecum
436 1567 494 1615 duci
508 1567 587 1614 iubet.
615 1565 664 1614 hoc
679 1567 761 1615 decus
775 1568 822 1627 iili,

140 1655 189 1703 hoc
202 1656 319 1704 solamen
333 1665 396 1714 erat,
412 1657 486 1704 bellis
500 1655 549 1703 huc
562 1654 643 1702 victor
656 1655 747 1704 abibat

70 1748 120 1792 860
141 1744 269 1792 omnibus.
297 1744 447 1806 adloquitur
460 1751 616 1792 maerentem
630 1752 655 1792 ct
667 1744 766 1794 talibus
781 1747 841 1794 iniit.

136 1824 261 1892 ‘Rhoeba
278 1834 331 1892 diu,
347 1848 386 1882 res
399 1834 474 1896 siqua
487 1834 531 1881 diu
544 1833 697 1881 mortalibus
711 1835 803 1894 ullast,

140 1923 258 1970 viximus.
287 1931 331 1970 aut
343 1923 421 1972 hodie
435 1923 515 1970 victor
529 1922 613 1984 spolia
626 1922 672 1969 iila
686 1932 798 1972 cruenta

140 2019 165 2060 et
178 2020 256 2074 caput
268 2013 373 2061 Aeneae
386 2013 479 2060 referes
492 2011 624 2073 Lausique
639 2010 764 2060 dolorum

139 2100 209 2148 ultor
222 2101 271 2149 eris
284 2116 394 2160 mecum,
410 2109 463 2159 eut,
479 2099 563 2162 aperit
575 2100 595 2146 si
610 2099 683 2146 nullu
696 2100 769 2149 viam
783 2103 829 2162 vis,

71 2194 121 2238 865
140 2188 276 2237 occumbes
291 2190 400 2252 pariter:
422 2189 596 2252 nequeenim,
617 2188 772 2250 fortissime,
790 2192 842 2241 crct'

141 2277 211 2326 iussu
224 2279 310 2326 aliena
323 2279 376 2340 pati
390 2285 415 2326 ct
428 2278 547 2325 dominos
561 2276 702 2338 dignabere
716 2278 843 2330 Teucros.

142 2366 207 2415 dixit
220 2376 245 2416 et
258 2375 380 2430 exceptus
394 2375 466 2428 tergo
480 2373 602 2414 consuetu
617 2367 713 2415 locavit

142 2456 258 2504 membra
270 2470 413 2518 manusque
427 2456 515 2504 ambas
528 2456 619 2503 iaculis
634 2457 754 2504 oneravit
769 2461 843 2509 acuti:

141 2564 202 2600 aere
217 2554 297 2615 caput
308 2545 410 2609 {uigens
423 2545 549 2606 cristaque
562 2544 674 2591 hirsutus
689 2548 801 2608 equina.

61 2646 98 2695 87
101 2650 119 2695 0
140 2645 162 2696 si
166 2662 181 2697 c
197 2657 312 2697 cursum
323 2640 354 2692 iu
367 2630 670 2695 mediusrauidusdedxt.
689 2639 843 2697 assumemus
