1816 2956
350 210 457 249 CULEX.

76 375 102 415 at
114 369 230 415 volucres
245 367 339 429 patulis
353 367 495 435 residentes
506 368 593 416 dulcia
605 369 683 415 ramis

76 458 192 505 earmina
205 471 250 518 per
263 456 346 502 varios
361 456 440 502 edunt
453 457 600 505 resonantia
614 464 713 515 emtus,

28 551 56 594 50
76 553 101 594 et
113 560 218 608 quaqua
231 544 346 606 geminas
361 545 445 591 avium
459 560 509 591 vox
523 544 648 607 obstrepit
661 560 745 604 aures,

76 635 124 682 hae
138 634 258 697 querulas
272 633 385 681 referunt
397 647 471 681 voces
486 634 543 695 quis
556 634 646 681 nantia
660 635 723 681 limo

76 737 186 785 corpora
198 722 304 784 lympha
316 722 392 779 fovet,
408 721 507 768 sonitus
521 721 568 768 alit
580 722 646 769 aeris
659 722 732 780 echo,

76 811 173 872 argutis
186 817 211 858 et
224 817 317 858 cuneta
329 810 441 857 fremunt
454 810 559 857 arbusta
572 810 676 858 cicadis.

77 906 103 946 nt
115 899 184 946 circa
195 899 292 961 passim
305 899 388 946 fessae
401 899 511 946 cubuere
525 898 640 961 capellae

28 992 56 1034 35
77 987 184 1035 excelsis
196 987 283 1035 subter
296 987 379 1034 dumis
394 1002 458 1049 quos
472 988 565 1035 leniter
578 987 676 1034 adflans

77 1090 139 1124 aura
151 1076 307 1124 susurrantis
322 1077 405 1138 poscit
417 1076 575 1124 confundere
589 1076 665 1123 venti.

111 1165 211 1223 Pastor,
233 1171 262 1210 ut
275 1164 306 1211 ad
321 1165 418 1212 fontem
432 1165 512 1213 densa
524 1165 650 1227 requievit
661 1165 687 1211 in
702 1166 802 1225 umbra,

75 1252 164 1301 mitem
177 1253 295 1315 concepit
308 1253 436 1315 proiectus
450 1254 565 1302 membra
578 1268 707 1315 soporem,

76 1341 168 1389 anxius
181 1340 281 1387 insidiis
295 1342 381 1399 nullm,
398 1343 442 1388 sed
456 1343 539 1388 lentus
553 1343 579 1388 in
593 1342 678 1390 herbis

29 1435 55 1478 30
75 1444 165 1478 securo
179 1444 279 1492 pressos
294 1444 385 1477 somno
399 1431 565 1478 mandaverat
579 1439 657 1479 artus.

75 1524 169 1566 stratus
183 1518 252 1566 humi
268 1519 368 1566 dulcem
383 1519 502 1582 capiebat
515 1519 591 1567 eorde
606 1521 726 1582 quietem,

75 1607 101 1654 ni
116 1607 167 1655 sors
181 1607 292 1655 incertos
306 1608 421 1655 iussisset
434 1609 527 1656 ducere
542 1623 623 1656 casus.

76 1711 137 1743 nam
150 1697 256 1743 solitum
268 1695 372 1743 volvens
386 1696 418 1743 ad
432 1704 532 1759 tempus
545 1697 668 1745 tractibus
681 1699 763 1746 isdem

76 1784 187 1832 inmanis
201 1785 272 1832 vario
286 1786 428 1832 maculatus
443 1800 550 1847 corpore
565 1801 678 1849 serpens,

29 1879 56 1922 35
76 1887 174 1921 mersus
189 1873 254 1919 utin
270 1873 332 1920 limo
346 1889 440 1934 magno
454 1875 597 1923 subsideret
610 1883 690 1933 aestu,

77 1961 153 2009 obvia
165 1962 273 2009 vibranti
289 1977 395 2024 carpens
408 1964 492 2022 gravis
507 1978 550 2011 ore
564 1964 680 2023 trilingui

77 2065 229 2113 squamosos
243 2051 294 2098 late
307 2051 444 2113 torquebat
457 2053 568 2100 motibus
582 2053 666 2111 orites,

75 2143 89 2200 †
101 2139 230 2187 tollebant
243 2154 320 2187 aurae
334 2140 457 2187 venientis
471 2141 503 2187 ad
518 2142 605 2188 omnia
619 2142 695 2188 visus.

77 2229 126 2277 iam
141 2228 224 2287 magis
238 2236 315 2290 atque
328 2230 410 2288 magis
424 2244 516 2290 eorpus
530 2229 670 2277 revolubile
683 2231 787 2278 volvens

30 2322 57 2366 {0
77 2317 173 2364 attollit
186 2316 273 2364 nitidis
287 2325 375 2379 pectus
389 2318 533 2378 fulgoribus
547 2326 611 2366 etse

77 2405 179 2452 sublimi
195 2406 292 2454 comice
305 2407 387 2468 rapit3
409 2407 449 2453 eni
464 2408 540 2454 crista
553 2422 662 2470 superne

77 2494 146 2542 edita
158 2509 287 2557 purpureo
301 2495 389 2543 lucens
403 2497 547 2543 maculatur
561 2497 665 2553 amictu,

77 2582 251 2644 adspectuque
265 2584 362 2630 micant
375 2584 535 2631 flammarum
549 2585 648 2632 lumina
661 2591 742 2630 torvo.

76 2677 187 2719 metatur
200 2672 250 2720 iate
264 2672 359 2720 circum
374 2673 441 2732 loca,
457 2687 517 2720 cum
528 2673 600 2720 uidet
609 2673 709 2732 iugens
