1816 2956
93 182 155 230 466
333 191 359 228 r.
375 188 497 228 variotur
517 187 648 227 trasonis

163 347 248 409 gloria
261 344 374 393 delectos
387 345 463 393 Latio
477 351 502 392 et
513 343 685 392 Laurentibus
699 344 780 405 agris.

164 440 202 483 est
214 441 239 481 et
251 433 406 481 Volscorum
420 433 524 494 egregia
537 432 569 480 de
581 438 659 493 gente
672 431 798 490 Camilla,

164 535 256 584 agmen
270 535 348 583 agens
362 522 478 584 equitum
490 527 515 569 et
526 521 641 569 florentis
654 535 714 568 aere
727 527 857 568 catervas.

164 610 234 672 quod
247 609 268 657 si
281 624 323 657 me
336 611 421 657 solum
433 609 526 657 Teucri
540 610 567 656 in
581 609 723 658 certamina
735 617 851 672 poscunt

92 704 144 748 435
164 699 242 761 idque
255 699 340 761 placet
359 705 509 760 tantumque
522 698 597 746 bonis
612 697 796 745 communibus
811 699 891 752 obsto,

163 802 216 835 non
230 787 295 835 adeo
308 787 354 834 has
368 800 447 834 exosa
459 801 550 835 manus
563 787 680 835 Victoria
693 786 762 847 fugit

164 883 194 923 ut
205 882 277 923 tauta
290 875 428 938 quicquam
442 890 488 937 pro
501 890 546 938 spe
559 881 682 937 temptare
695 888 824 923 recusem.

164 964 208 1012 ibo
222 962 314 1012 animis
328 970 426 1022 contra,
441 963 480 1010 vel
493 978 616 1025 magnum
629 969 743 1025 praestet
756 963 879 1011 Achillen

165 1052 285 1114 factaque
297 1050 408 1098 Volcani
421 1051 540 1098 manibus
553 1052 626 1114 paria
638 1051 731 1099 induat
744 1067 821 1101 arma

93 1145 144 1188 440
163 1140 208 1189 ille
221 1139 290 1188 licet.
317 1138 388 1186 vobis
403 1139 515 1187 animam
528 1139 596 1188 hanc
608 1153 752 1201 soceroque
764 1140 863 1190 Latino

163 1228 266 1276 Turnus
280 1243 338 1289 ego,
353 1227 422 1275 haud
435 1228 482 1275 ulli
495 1235 609 1276 veterum
621 1227 714 1275 virtute
726 1231 869 1279 secundus.

164 1316 262 1364 devovi.
290 1317 375 1364 solum
387 1316 489 1364 Aeneas
502 1324 585 1364 vocat.
613 1323 639 1364 et
650 1323 724 1364 vocet
737 1332 797 1377 oro,

164 1418 212 1453 nec
223 1404 339 1453 Drances
353 1404 446 1466 potius,
462 1405 514 1454 sive
528 1412 566 1453 est
578 1405 642 1454 haec
654 1405 693 1452 ira
707 1405 829 1466 deorum,

164 1499 246 1540 morte
259 1494 322 1552 luat,
337 1493 389 1541 sive
401 1500 440 1540 est
452 1493 531 1540 virtus
545 1499 570 1541 ct
580 1493 675 1553 gloria,
691 1487 791 1541 tollat.’

93 1586 143 1628 445
199 1581 241 1630 Illi
254 1581 318 1629 haec
330 1581 397 1629 inter
410 1596 437 1629 se
450 1581 534 1628 dubiis
548 1580 578 1628 de
592 1580 667 1628 rebus
682 1580 799 1641 agebant

164 1676 305 1717 certantes:
327 1677 410 1718 castra
423 1670 525 1717 Aeneas
544 1669 677 1730 aciemque
691 1671 824 1720 movebat.

164 1757 269 1805 nuntius
282 1759 380 1819 ingenti
393 1772 438 1820 per
451 1758 523 1818 regia
536 1764 602 1805 tecta
615 1758 727 1805 tumultu

163 1860 222 1894 ecce
235 1846 286 1892 ruit
299 1847 452 1907 magnisque
465 1844 555 1893 urbem
568 1845 707 1893 terroribus
721 1847 817 1909 inplet,

162 1934 301 1980 instructos
314 1934 370 1981 acie
383 1933 505 1981 Tiberino
520 1949 535 1980 a
547 1934 651 1982 flumine
665 1934 783 1984 Teucros

92 2027 143 2069 450
162 2021 374 2083 Tyrrhenamque
387 2036 492 2068 manum
505 2022 565 2069 totis
580 2023 735 2070 descendere
750 2028 864 2088 campis.

163 2110 292 2171 extemplo
305 2109 399 2156 turbati
414 2110 493 2156 animi
508 2125 683 2172 concussaque
697 2112 769 2171 volgi

162 2206 267 2260 pectora
281 2205 305 2245 et
318 2205 431 2246 arrectae
444 2199 553 2246 stimulis
567 2199 636 2246 haud
650 2199 777 2248 mollibus
792 2204 859 2253 irae.

164 2300 235 2334 arma
248 2301 327 2335 manu
340 2287 433 2348 trepidi
446 2295 565 2349 poscunt,
581 2288 666 2335 fremit
679 2303 750 2335 arma
766 2291 893 2341 iuventus.

164 2374 321 2423 flentmaesti
329 2383 496 2437 mussantque
507 2384 600 2437 patres.
616 2376 658 2423 hic
669 2377 790 2439 undique
801 2382 904 2430 clamor¹

87 2468 140 2514 455
163 2464 283 2515 dissensu
294 2463 365 2511 vario
377 2477 487 2524 maguus
500 2478 526 2510 se
540 2465 608 2512 tollit
620 2465 652 2512 ad
666 2480 753 2521 auras,

158 2559 232 2612 haud
249 2573 327 2609 secus
343 2562 424 2620 atque
437 2553 491 2601 alto
502 2551 604 2597 inluco
616 2552 749 2598 caulone
761 2567 879 2608 cussa-uc
899 2536 903 2573 Ι

152 2654 313 2706 consedere
329 2649 425 2701 aalma
438 2642 579 2706 piscosone
591 2633 802 2681 amucrauasac
