1816 2956
75 177 135 225 246
314 188 339 226 Ρ.
357 187 478 226 visseim
499 187 629 226 ursonis

142 344 214 405 felix,
230 345 280 394 hen
293 343 402 392 nimium
415 343 487 402 felix,
503 344 524 391 si
537 345 615 392 litora
628 351 728 392 tantum

142 447 286 496 numquam
297 432 447 481 Dardaniae
460 433 605 494 tetigissent
617 441 705 482 nostra
719 427 842 487 carinac.³

144 523 209 570 dixit
221 529 247 572 et
259 536 288 571 os
301 522 419 584 inpressa
430 528 488 569 toro
498 511 648 570 ‘moriemur
661 523 767 580 inultae,

72 616 124 661 660
143 613 187 660 sed
200 602 353 660 moriamur’
367 610 412 661 ait.
436 600 497 669 ‘sic‚
513 611 549 658 sic
562 610 682 659 inretire
695 611 741 659 sub
756 611 868 660 umbras.

142 701 245 749 hauriat
257 700 326 748 hunc
339 699 421 748 oeulis
433 699 521 761 ignem
535 700 645 748 erudelis
659 700 690 747 ab
705 701 757 748 alto

141 789 280 838 Dardanus
294 794 319 837 et
330 795 435 836 nostrae
447 803 534 837 secum
547 788 613 836 ierat
625 790 714 836 omina
726 781 836 836 mortis'

142 878 251 937 dixerat,
267 883 344 940 atque
356 877 430 925 illam
442 877 528 925 media
541 878 607 926 inter
619 878 682 926 talia
695 877 763 926 ferro

142 968 293 1030 conlapsam
306 966 435 1029 aspiciunt
447 967 552 1015 comites
567 981 706 1030 ensemque
720 982 811 1015 cruore

71 1059 121 1104 665
142 1062 305 1119 spumantem
318 1070 471 1118 sparsasque
484 1070 585 1103 manus.
614 1056 634 1103 it
653 1056 751 1103 clamor
770 1056 871 1106 adalta

142 1144 216 1203 stria,
232 1158 385 1193 concussam
398 1144 538 1193 bacchatur
551 1144 620 1192 fama
632 1159 678 1206 pcr
690 1143 789 1204 urbem,

141 1233 261 1282 lamentis
273 1233 423 1296 gemituque
437 1240 462 1282 et
478 1233 590 1282 femineo
608 1233 709 1280 ululatu

140 1328 209 1370 tecta
221 1321 341 1380 fremunt,
357 1329 462 1371 resonat
473 1323 575 1384 magnis
587 1321 756 1384 plangoribus
770 1323 868 1382 aether,

141 1424 194 1458 uon
207 1411 281 1459 aliter
294 1426 372 1473 qnam
385 1411 406 1458 si
419 1411 532 1458 inmissis
545 1417 603 1458 ruat
616 1411 732 1458 hostibus
746 1413 831 1460 omnis

70 1502 122 1548 670
141 1499 277 1562 Karthago
291 1506 336 1547 aut
348 1499 455 1562 antiqua
467 1499 549 1562 Tyros
567 1501 738 1562 flammaeque
756 1500 869 1550 furentes

140 1587 867 1651 culminaperquehominumvolranturperquedeorum.

141 1676 223 1724 audiit
236 1677 362 1725 exanimis
375 1678 527 1740 trepidoque
541 1677 662 1725 exterrita
675 1693 751 1725 cursu

140 1765 270 1827 unguibus
284 1781 330 1814 ora
342 1781 416 1814 soror
427 1765 535 1814 foedans
549 1773 574 1814 et
586 1773 692 1828 pectora
704 1768 798 1828 pugnis

140 1868 186 1916 per
198 1855 298 1903 medios
311 1855 363 1902 ruit
375 1869 406 1902 ac
418 1856 570 1903 morientem
583 1855 688 1903 nomine
702 1856 812 1903 clamat:

70 1947 101 1991 67
107 1947 120 1990 5
137 1931 199 1990 ‘hoc
211 1942 286 1999 illud,
302 1958 434 2005 germane,
449 1943 514 1990 fuiti
533 1958 574 1991 me
587 1943 678 1992 fraude
691 1944 815 2006 petebas?

140 2031 191 2079 hoc
203 2045 282 2093 rogus
295 2032 343 2080 iste
355 2032 434 2091 mihi,
451 2033 500 2080 hoc
512 2033 586 2094 ignes
600 2047 712 2094 araeque
725 2034 870 2095 parabant?

141 2118 202 2181 quid
216 2119 328 2182 primum
342 2121 442 2169 deserta
455 2121 564 2184 querar?
583 2122 736 2170 comitemne
753 2137 871 2173 sororem

140 2207 257 2270 sprevisti
271 2208 399 2256 moriensi
419 2210 509 2258 eadem
523 2224 564 2258 me
578 2210 609 2256 ad
623 2209 677 2257 sata
689 2225 825 2259 vocasses:

139 2296 208 2344 idern
222 2295 309 2345 ambas
323 2298 390 2347 ferro
404 2299 479 2346 dolor
492 2305 569 2362 atque
582 2299 672 2347 eadem
679 2299 745 2347 hora
757 2301 868 2350 tulisset.

69 2389 120 2432 680
140 2384 180 2432 his
193 2385 271 2433 etiam
284 2387 365 2434 struxi
378 2383 496 2435 manib'ns
510 2389 658 2451 patriosque
671 2388 760 2436 vocavi

140 2489 202 2524 voce
216 2475 287 2534 deos,
303 2475 340 2524 sie
353 2483 378 2524 te
391 2483 420 2523 nt
432 2476 516 2538 posita
529 2477 640 2525 crudelis
654 2476 790 2525 abessem?

140 2563 249 2611 extinxti
262 2570 287 2612 te
300 2579 400 2627 meque,
417 2578 498 2623 soror,
514 2565 691 2627 populumque
704 2573 845 2630 patresque

130 2650 259 2702 Sidonios
273 2652 417 2719 urbemque
430 2659 510 2702 tuum.
537 2654 604 2713 date,
619 2655 725 2702 volnera
739 2655 853 2720 lymphis
