1816 2956
390 203 476 244 COPA.

103 361 216 408 reddidit
229 368 342 424 optatam
356 367 455 408 mutato
469 360 666 422 corporesitum

102 449 213 511 fecitque
226 450 253 496 in
267 450 339 498 terris
353 450 494 498 haliaeetos
509 450 562 497 ales
575 455 604 496 ut
617 457 697 501 esset:

103 538 199 601 quippe
213 538 306 600 aquilis
320 552 420 601 semper
432 537 529 599 gaudet
542 539 604 585 deus
617 537 662 586 ille
676 536 797 585 coruscis.

57 632 83 675 ιο
102 626 163 674 huic
176 641 235 673 vero
249 627 366 685 miserae,
382 626 505 688 quonium
519 626 641 673 damnata
654 626 761 674 deorum

101 714 199 763 iudicio
213 715 343 777 patrisque
357 723 381 763 et
395 715 512 776 coniugis
526 722 585 764 unte
599 715 696 772 fnisset,

101 802 188 851 infesti
202 803 322 865 adposuit
335 804 423 851 odium
437 805 540 851 crudele
552 803 675 866 parentis.

102 906 214 953 namque
227 892 294 938 utin
308 893 421 940 aetherio
434 893 567 953 signorum
578 892 675 939 lumine
685 895 826 952 praestans,

101 994 182 1027 unum
196 993 271 1041 quern
286 980 383 1041 duplici
396 981 529 1028 stelionum
541 981 624 1028 sidere
637 979 698 1037 vidi,

57 1074 80 1118 ιδ
101 1068 217 1130 scorpios
231 1068 337 1115 alternis
351 1069 449 1116 elerum
463 1069 535 1130 sugat
549 1068 656 1127 Oriona,

101 1156 139 1205 sic
153 1156 218 1203 inter
230 1171 285 1204 sese
298 1157 376 1204 tristis
389 1157 530 1204 haliucetos
544 1157 594 1205 iras
649 1173 652 1177 ·

102 1252 128 1293 et
140 1245 199 1293 ciris
213 1245 319 1293 inemori
330 1252 435 1292 servant
447 1245 479 1293 ud
493 1246 597 1293 saecule
610 1244 673 1293 fato.

102 1348 265 1396 quaerunque
278 1333 324 1381 illa
337 1334 418 1380 levem
431 1332 532 1394 fugiens
546 1341 616 1382 secut
628 1348 688 1380 uera
700 1331 800 1394 pennis,

102 1436 162 1470 ecce
174 1421 293 1470 inimicus
307 1430 380 1470 atrox
393 1435 488 1482 magno
502 1422 611 1469 stridore
624 1435 670 1482 per
683 1435 758 1467 eurus

57 1516 83 1561 te
103 1511 247 1572 insequitur
260 1511 353 1568 Nisus3
369 1525 460 1572 quase
473 1509 521 1557 fert
534 1509 610 1556 Nisus
625 1509 656 1556 ad
671 1522 755 1566 eures,

102 1599 150 1646 illu
162 1599 243 1647 ievern
256 1598 357 1660 fugiens
371 1599 463 1660 raptim
477 1606 547 1645 secat
560 1613 620 1645 aera
632 1597 732 1659 pennis.

344 2075 520 2124 COPA.

104 2215 178 2279 Copu
192 2217 303 2280 Syrisce,
319 2225 396 2280 caput
410 2215 488 2265 Greia
500 2217 619 2264 redimite
632 2216 739 2275 mitella,

139 2306 250 2370 crispum
263 2306 310 2354 sub
324 2307 422 2354 crotelo
437 2306 513 2353 docta
525 2319 626 2353 morere
640 2306 716 2362 latus,

103 2393 175 2443 ebria
187 2394 288 2442 fumosa
301 2396 379 2443 saltet
392 2395 487 2443 lascive
501 2395 615 2453 taberne,

138 2483 171 2530 ud
186 2483 299 2531 cubitum
313 2499 404 2531 raucos
418 2483 549 2532 excutiens
563 2485 686 2532 calamos.

67 2577 82 2620 5
98 2560 171 2633 ‘quid
186 2571 257 2619 iuvat
269 2572 364 2619 aestivo
379 2572 507 2620 defessum
519 2573 623 2634 pulvere
637 2572 737 2620 abisse?

139 2675 217 2722 quum
230 2660 316 2723 potius
329 2661 406 2708 viduo
420 2660 571 2709 decubuisse
585 2660 657 2707 torol
