1816 2956
67 162 128 213 508
305 171 331 211 r.
349 170 472 211 venetur
491 169 623 211 uanorns

136 329 283 378 discurrunt
295 327 340 375 aiii
354 328 386 375 ad
400 333 489 391 portas
502 327 651 390 primosque
664 328 809 389 trucidant,

136 416 231 465 fenum
244 417 289 464 alii
303 423 424 478 torquent
437 423 462 465 et
474 415 630 463 obumbrant
642 416 753 465 aethera
766 419 835 467 telis.

136 505 191 568 ipse
204 505 271 552 inter
282 505 380 568 primos
394 505 511 553 dextram
524 505 571 552 snb
584 505 689 553 moenia
702 507 791 555 tendit

66 598 117 642 580
135 594 238 642 Aeneas
252 608 399 655 magnaque
412 593 514 641 incusat
525 607 587 642 voce
600 593 726 641 Latinum

137 689 295 745 testaturque
309 683 370 730 deos
383 682 475 730 itemm
489 696 517 730 se
529 682 562 730 ad
575 681 676 744 proelia
689 683 762 744 cogi,

137 771 176 819 bis
202 771 254 818 iam
278 770 358 819 Italos
378 769 475 829 hostis,
502 771 567 819 haec
591 771 643 818 iam
662 771 749 819 altera
769 772 870 821 foedera

437 859 530 922 rumpi.

137 948 252 996 exoritur
265 949 378 1011 trepidos
392 948 459 997 inter
472 947 601 996 discordia
613 947 688 995 civis:

138 1037 227 1084 urbem
241 1037 284 1085 alii
300 1052 412 1085 reserare
424 1036 514 1084 iubent
527 1043 552 1085 et
564 1036 678 1099 pandere
692 1016 786 1099 portas

68 1128 117 1172 585
138 1124 296 1174 Dardanidis
309 1126 445 1188 ipsumque
458 1125 564 1173 trahunt
575 1124 602 1172 in
615 1126 722 1174 moenia
736 1141 845 1189 rogem3

137 1229 210 1263 arma
222 1213 308 1262 ferunt
320 1215 364 1262 alii
378 1222 402 1263 et
415 1221 526 1278 pergunt
538 1213 676 1263 defendere
690 1229 799 1264 uturos:

137 1302 250 1351 inclusas
263 1311 292 1351 ut
304 1318 362 1352 cum
375 1303 505 1351 latebroso
518 1303 545 1350 iu
559 1303 661 1366 pumice
674 1311 769 1365 pastor

137 1392 270 1453 vestigavit
284 1407 344 1454 apes
357 1392 480 1453 fumoque
493 1391 600 1454 inplevit
613 1406 713 1450 amaro,

136 1480 197 1528 illae
210 1481 278 1528 intus
292 1481 407 1543 trepidae
420 1496 505 1528 rerum
518 1496 564 1543 per
577 1495 651 1529 cerea
664 1487 754 1530 castra

67 1573 117 1617 590
138 1569 285 1616 discurrunt
298 1570 450 1632 magnisque
463 1577 559 1617 acuent
571 1568 725 1616 stridoribus
740 1570 806 1631 iras,

137 1659 246 1706 volvitur
260 1668 313 1707 ater
327 1660 391 1706 odor
405 1658 486 1716 tectis,
502 1665 556 1705 tum
570 1673 700 1706 murmure
714 1673 800 1708 caeco

137 1747 205 1794 intus
220 1763 284 1795 saxa
296 1756 398 1806 sonant,
414 1761 507 1796 vacuas
521 1747 541 1793 it
553 1747 638 1793 fumus
652 1747 684 1794 ad
699 1761 792 1796 annus.

173 1837 276 1885 Accidit
289 1837 353 1885 baec
366 1837 438 1885 sessis
452 1836 527 1883 etiarn
541 1836 645 1882 fortuna
658 1833 775 1896 Latinis,

138 1941 204 1988 qune
218 1934 298 1973 totum
312 1926 382 1973 luctu
396 1924 526 1972 concussit
539 1924 652 1971 funditus
668 1923 774 1973 urbem.

68 2019 117 2062 595
139 2014 228 2074 regina
241 2020 269 2060 ut
282 2014 354 2060 tectis
368 2014 511 2060 venientem
524 2012 648 2075 prospicit
660 2011 778 2074 hostem,

137 2102 229 2150 incessi
244 2116 339 2159 muros,
355 2103 422 2162 ignis
436 2103 468 2150 ad
483 2109 550 2150 tecta
562 2102 657 2158 volare,

139 2204 266 2251 nusquam
277 2191 344 2238 acies
355 2199 445 2239 contra
451 2191 568 2247 Rutulas,
581 2190 653 2237 nulia
664 2190 873 2249 agminn'rurnt.

138 2278 228 2326 infelix
241 2293 344 2341 pugnae
358 2279 475 2327 invenem
488 2280 515 2325 iu
529 2278 668 2326 certamine
682 2280 771 2328 eredit

87 2386 90 2393 ·
140 2367 281 2414 extinctum
295 2377 328 2425 et,
344 2368 429 2414 subito
443 2375 555 2415 mentem
569 2367 669 2414 turbata
684 2367 792 2429 dolore,

69 2459 119 2503 600
139 2470 167 2503 se
181 2471 284 2503 causam
299 2456 394 2503 elamat
407 2457 555 2517 crimenque
569 2463 697 2517 caputque
712 2459 849 2507 insitorum

139 2545 271 2606 multaque
285 2559 330 2606 per
343 2552 467 2591 maestum
483 2545 588 2592 demens
602 2544 680 2592 effata
693 2543 824 2608 furorem,

139 2648 282 2697 purpureos
296 2633 420 2682 moritura
433 2648 512 2681 uranu
525 2633 647 2681 discindit
659 2633 775 2686 amictus

64 2712 77 2768 i
