1816 2956
238 185 386 226 sanaruos
403 186 491 226 trinua
508 185 560 226 xn.
740 177 799 226 509

76 351 100 392 et
112 345 209 392 nodum
222 344 337 392 informis
352 346 393 392 leti
410 345 480 392 trabe
493 345 572 392 nectit
585 344 616 391 ab
631 345 692 393 alta.

76 449 154 494 quarn
168 434 267 481 cladem
280 434 388 481 miserae
402 442 538 495 postquam
552 447 673 495 accepere
683 432 799 489 Latinae,

28 526 55 568 t5
76 522 130 570 lilia
143 523 224 585 prima
238 536 316 568 manu
329 522 407 569 flores
420 521 528 569 Lavinia
542 522 619 569 erinis

75 618 101 659 et
112 624 198 657 roseas
212 610 310 658 laniata
321 624 410 671 genas,
427 618 481 657 tum
494 617 578 658 cetera
591 609 687 657 circum

75 698 150 745 turba
162 699 240 757 furit;
260 707 383 746 resonant
396 700 447 747 late
460 697 629 762 plangoribus
643 699 728 747 aedes.

74 786 134 833 hinc
148 793 229 834 totam
242 786 332 834 infelix
346 787 465 847 volgatur
477 788 548 836 sarna
560 802 605 850 per
619 786 716 836 urbem.

75 875 212 922 demittunt
224 882 330 932 mentes,
346 877 366 923 it
379 877 458 924 scissa
470 884 538 924 veste
552 876 669 934 latinus,

28 967 55 1008 l0
75 962 192 1022 coniugis
206 963 329 1010 attonitus
342 963 400 1011 fatis
414 964 534 1027 urbisque
548 965 631 1023 ruina,

75 1050 193 1097 canitiem
208 1051 334 1098 inmunde
347 1052 477 1114 perfusam
490 1054 594 1116 pulvere
608 1061 722 1116 turpans,

75 1139 206 1200 multaque
219 1153 246 1186 se
260 1139 368 1197 incusat,
385 1140 429 1202 qui
443 1155 495 1189 uon
509 1141 636 1204 occeperit
649 1148 708 1189 anta

74 1227 234 1275 Dardanium
248 1229 355 1275 Aenean
368 1243 543 1292 generumque
557 1230 691 1278 adsciverit
704 1229 780 1277 ultro.

108 1316 209 1364 Interea
222 1324 336 1366 extremo
350 1316 461 1365 bellator
473 1318 500 1365 in
514 1333 625 1381 aequore
638 1319 741 1366 Turnus

29 1408 54 1451 15
75 1405 186 1467 palantis
200 1406 315 1469 sequitur
328 1420 424 1468 paucos
438 1407 489 1454 iarn
503 1407 607 1468 segnior
620 1416 696 1468 atque

75 1494 127 1541 iarn
140 1494 224 1543 minus
238 1504 315 1558 atque
328 1495 412 1543 minus
426 1510 545 1544 successu
559 1496 641 1544 laetus
655 1509 789 1558 equorum.

76 1584 161 1630 attulit
175 1584 243 1632 bunc
256 1584 293 1632 illi
308 1585 391 1633 caecis
405 1585 544 1632 terroribus
558 1599 621 1631 aura

76 1672 243 1719 commixtum
256 1673 396 1721 clamorem
409 1681 572 1735 arrectasque
585 1672 679 1735 inpulit
692 1673 761 1720 auris

76 1760 198 1807 contusae
211 1775 289 1808 sonus
303 1760 372 1807 urbis
386 1769 410 1809 et
423 1761 574 1809 inlaetabile
587 1775 710 1808 murmur.

30 1851 56 1891 20
73 1836 107 1894 ‘ei
120 1847 192 1906 mihi,
209 1849 270 1910 quid
285 1857 356 1895 tanto
371 1850 506 1898 turbantur
519 1849 622 1897 rnocuia
635 1847 724 1897 luctu?

77 1935 165 1996 quisve
177 1936 228 1983 ruit
241 1945 326 1983 tantus
340 1937 440 1984 diversa
453 1938 551 1986 clausor
563 1937 595 1984 ab
609 1928 705 1986 urbeP’

76 2023 112 2070 sic
126 2024 162 2070 ait
174 2024 343 2087 adductisque
357 2040 444 2073 amens
458 2026 572 2074 subsistit
584 2024 702 2075 habenis.

77 2112 161 2173 adque
175 2112 243 2172 huie,
260 2114 286 2160 in
300 2114 393 2162 faciem
406 2129 479 2162 soror
491 2122 519 2162 ut
532 2130 656 2163 conversa
667 2115 767 2164 Metisci

76 2201 182 2261 aurigae
195 2216 349 2264 curruntque
363 2210 387 2250 et
401 2217 480 2264 equos
493 2210 518 2251 et
531 2203 585 2250 lora
600 2203 713 2266 regebat,

30 2292 55 2335 25
76 2290 170 2337 talibus
184 2291 295 2338 occurrit
308 2291 390 2339 dictis.
415 2279 485 2349 ‘hac,
501 2289 596 2349 Turne,
612 2307 751 2354 sequamur

76 2378 237 2439 Troiugenas
251 2395 302 2440 qua
316 2380 399 2441 prima
411 2380 478 2427 viani
491 2380 599 2428 victoria
612 2381 717 2443 pandit:

77 2474 136 2512 sunt
149 2466 193 2513 alii
208 2467 251 2528 qui
265 2474 331 2516 tecta
343 2483 423 2515 manu
436 2468 572 2516 defendere
585 2469 694 2532 possint.

76 2554 173 2615 ingruit
186 2557 288 2602 Aeneas
302 2556 373 2603 ltalia
387 2563 412 2604 et
424 2557 523 2619 proelia
536 2556 641 2604 miscet:

76 2650 101 2692 et
114 2657 161 2691 uos
174 2657 251 2692 saeva
264 2659 341 2692 manu
354 2645 485 2693 mittamus
498 2646 590 2694 lunera
602 2645 717 2695 Teucris.
