1816 2956
80 181 141 232 420
318 191 344 231 P.
360 188 482 230 vuaetm
502 187 633 231 ursolus

185 347 309 397 Massicus
323 354 411 396 aerata
423 347 542 410 princeps
556 354 627 397 secat
639 361 756 410 aequora
768 349 846 413 tigri:

149 436 195 486 sub
210 452 261 499 quo
275 437 346 486 mille
358 451 451 485 manus
463 437 584 484 iuvenum
598 436 641 499 qni
655 437 762 486 moenia
775 437 851 489 Clusi

150 526 246 589 quique
259 525 347 574 urbem
361 525 459 587 liquere
472 522 569 584 Cosas3
590 525 647 587 quis
661 527 715 575 tela
727 528 841 590 sagittae

150 614 285 678 gorytique
298 614 365 663 leves
378 614 472 661 umeris
485 620 511 662 et
523 614 607 662 letifer·
620 629 703 663 arcus.

82 708 131 753 170
150 717 202 751 una
214 710 299 751 torvos
312 703 400 751 Abas:
420 702 481 750 huie
494 709 576 750 totum
589 703 734 765 insignibus
750 706 831 755 armis

150 807 243 854 agmen
257 800 282 841 et
295 798 384 840 aurato
397 790 513 852 fulgebat
525 792 649 854 Apolline
665 794 771 856 puppis.

149 888 279 930 sescentos
292 880 330 927 illi
344 880 450 928 dederat
461 879 609 941 Populonia
622 889 704 930 mater

150 976 268 1034 expertos
282 969 342 1017 belli
356 968 468 1026 iuvenes,
484 976 523 1015 ast
536 969 591 1016 Ilva
603 976 731 1018 trecentos

150 1060 244 1118 insula,
260 1057 419 1106 inexhaustis
434 1055 579 1119 Chalybum
592 1072 719 1119 generosa
731 1065 859 1113 metallis.

84 1154 131 1199 175
151 1148 239 1197 tertius
252 1147 297 1196 ille
310 1145 444 1193 hominum
458 1145 595 1209 divomque
607 1146 732 1210 interpres
747 1151 849 1214 Asilas,

152 1236 192 1285 eui
206 1236 334 1299 pecudum
346 1236 434 1294 fibrae,
450 1235 515 1284 caeli
529 1235 569 1283 eui
583 1235 668 1284 sidera
681 1246 777 1298 parent

152 1331 178 1374 et
190 1325 294 1386 linguae
306 1325 439 1373 volucrum
453 1330 478 1372 et
489 1324 607 1386 praesagi
621 1324 737 1373 fulminis
752 1327 840 1390 ignes,

152 1414 222 1462 mille
236 1413 304 1476 rapit
317 1415 409 1462 densos
424 1413 478 1461 acie
492 1419 568 1475 atque
583 1412 747 1463 horrentibus
762 1417 856 1468 hastis.

152 1503 200 1551 hos
214 1517 302 1565 parere
315 1502 404 1550 iubent
417 1502 535 1564 Alpheae
548 1501 648 1563 origine
660 1501 747 1563 Pisae,

83 1597 132 1641 180
151 1592 211 1639 urba
225 1591 333 1639 Etrusca
346 1591 411 1639 solo.
439 1591 554 1653 sequitur
567 1589 757 1653 pulcherrimus
772 1597 861 1661 Astyr,

151 1682 229 1742 Astyr
242 1694 309 1742 equo
323 1680 402 1727 fideus
417 1686 442 1727 et
454 1679 650 1727 versicoloribus
665 1681 753 1730 armis.

151 1776 292 1818 tercentum
306 1769 421 1816 adiciunt
433 1767 517 1830 (mens
531 1768 649 1815 omnibus
664 1784 717 1818 una
729 1777 873 1839 sequendi)

152 1858 195 1920 qui
211 1856 317 1905 Caerete
331 1858 417 1915 demo,
434 1857 477 1919 qui
491 1864 550 1904 sunt
563 1857 686 1905 Minionis
700 1859 727 1905 in
742 1863 823 1922 ariis,

151 1953 176 1995 et
188 1945 264 2007 Pyrgi
279 1952 374 1992 veteres
390 1945 608 2007 intempestaeque
622 1944 773 1997 Graviscae.

84 2041 130 2084 185
185 2033 244 2082 Non
258 2041 352 2094 egeto,
368 2033 494 2093 Ligurum
508 2034 598 2081 ductor
611 2034 750 2085 fortissime
765 2038 848 2101 bello,

151 2123 304 2180 transierim,
321 2122 424 2184 Cinyre,
440 2128 465 2169 et
477 2122 565 2184 paucis
580 2122 699 2170 comitate
714 2122 837 2190 Cupauo,

151 2212 222 2260 euius
237 2210 352 2259 olorinae
365 2218 474 2271 snrgunt
487 2210 518 2258 de
532 2210 624 2258 vertice
638 2210 742 2272 pinnae,

151 2300 247 2348 crimen
261 2314 333 2348 amor
346 2305 456 2347 vestrum
470 2298 618 2360 formaeque
632 2299 733 2361 insigne
744 2313 883 2364 paternae,

150 2404 261 2452 namque
275 2388 359 2436 ferunt
372 2388 443 2435 luctu
457 2385 573 2448 Cycnum
586 2387 756 2438 Phaethontis
772 2398 866 2455 amati,

74 2483 127 2528 190
143 2479 275 2546 populeas
288 2477 354 2527 inter
366 2475 471 2524 frondes
483 2475 652 2537 umbramque
665 2491 787 2528 sororum

136 2574 205 2625 dum
218 2573 296 2625 eanit
308 2578 337 2624 et
349 2576 483 2620 maestum
493 2579 571 2612 musa
581 2563 678 2608 solatur
689 2579 818 2623 amorem„

126 2677 287 2723 canentem
300 2665 385 2720 molli
397 2661 499 2731 pluma
512 2653 623 2702 dusiisse
633 2651 776 2702 senectam,
