1816 2956
104 175 142 223 80
342 183 508 224 P.VsnG1L1
527 183 658 225 macrus

171 342 279 390 flumina
290 355 375 390 amem
387 341 516 404 silvasque
528 342 666 404 inglorius.
693 357 709 392 o
722 343 767 392 ubi
781 345 866 408 campi

173 429 368 494 Spercheosque
382 436 408 478 et
419 429 562 492 u'rginibus
575 430 701 480 bacchata
713 431 842 482 Lacaenis

172 521 297 583 Taygeta,
313 534 329 568 o
343 519 387 583 qui
401 534 441 568 me
453 519 546 582 gelidis
561 520 721 570 convallibus
735 520 828 571 Haemi

173 610 246 659 sistat
258 616 284 658 et
294 609 393 670 ingenti
407 623 538 656 ramorum
550 616 670 672 protegat
681 610 790 659 umbrat

104 704 154 748 490
173 698 237 747 felix
249 698 293 761 qui
306 697 392 760 potuit
403 712 488 747 rerum
501 712 658 760 cognoscere
672 714 762 749 causas

174 794 251 850 atque
264 793 345 836 metus
360 786 443 834 omnis
457 793 483 835 ct
494 787 656 837 inexorabile
669 788 751 837 satum

173 876 282 925 subiecit
293 876 401 939 pedibus
414 876 601 939 strepitumque
613 877 769 926 Acherontis
783 879 861 926 avari.

174 965 319 1013 fortunatus
332 972 358 1014 et
369 965 423 1024 ille,
439 965 501 1014 deos
515 965 559 1029 qui
572 965 644 1014 novit
656 973 778 1028 agrestes,

173 1055 297 1118 Panaque
305 1053 491 1118 Silvanumque
502 1069 590 1103 senem
602 1054 781 1117 nymphasque
792 1069 898 1104 sorores.

105 1149 155 1192 495
174 1144 249 1192 illum
261 1158 315 1191 non
327 1143 418 1206 populi
431 1143 522 1203 fasces,
538 1158 591 1191 non
604 1158 719 1206 purpura
731 1158 824 1207 regum

175 1233 246 1282 flexit
257 1241 283 1282 et
294 1232 389 1280 infidos
402 1232 503 1294 agitans
517 1232 647 1282 discordia
659 1232 751 1282 fratres

175 1330 220 1370 aut
232 1323 366 1370 coniurato
381 1322 538 1371 descendens
550 1320 638 1370 Dacus
652 1321 684 1369 ab
698 1320 797 1382 Histro,

175 1425 229 1459 non
241 1425 280 1459 res
293 1410 427 1460 Romanae
439 1411 604 1473 perituraque
616 1425 706 1472 regua,
721 1425 807 1474 neque
819 1411 863 1460 ille

177 1508 221 1548 aut
234 1500 318 1548 doluit
329 1500 454 1549 miserans
467 1499 572 1562 inopem
585 1506 630 1547 aut
641 1499 734 1548 invidit
746 1498 861 1548 habenti.

108 1593 157 1637 500
177 1603 242 1652 quos
255 1589 320 1636 rami
333 1589 438 1648 fructus,
455 1602 519 1651 quos
533 1587 590 1650 ipsa
602 1588 716 1636 volentia
728 1603 789 1635 rura

176 1685 267 1740 sponte
281 1679 362 1726 tulere
375 1693 430 1737 sua,
447 1677 550 1739 carpsit,
565 1691 613 1726 nec
626 1676 709 1726 ferrea
721 1677 779 1725 iura

176 1767 348 1830 insanumque
361 1766 446 1814 iorum
459 1771 504 1812 aut
515 1764 605 1828 populi
618 1764 749 1814 tabularia
761 1765 833 1814 vidit.

176 1855 318 1904 sollicitant
330 1855 374 1903 alii
388 1854 465 1904 remis
478 1855 544 1903 freta
557 1868 642 1912 caeca,
658 1860 789 1918 ruuntque

175 1945 203 1992 in
216 1945 320 2004 ferrum,
336 1949 472 2006 penetrant
485 1944 558 1991 aulas
572 1949 597 1991 et
609 1943 701 1991 limina
714 1957 823 2005 regum3

108 2040 156 2082 505
176 2034 218 2082 hic
231 2034 296 2097 petit
308 2033 416 2082 excidiis
429 2032 519 2081 urbem
532 2033 692 2095 miserosque
705 2039 822 2094 penates,

176 2130 205 2171 ut
216 2137 320 2184 gemma
332 2121 404 2170 bibat
416 2128 441 2171 et
454 2121 567 2171 Sarrano
581 2123 693 2171 dormiat
705 2129 793 2182 ostr03

177 2212 265 2260 condit
278 2226 339 2275 opes
353 2211 419 2260 alius
433 2211 587 2276 defossoque
599 2212 706 2261 incubat
718 2226 799 2271 auro;

176 2300 219 2349 hic
232 2308 317 2364 stupet
330 2301 453 2349 attonitus
467 2301 570 2361 rostris;
590 2301 660 2349 hunc
672 2302 779 2364 plausus
792 2301 902 2349 hiantem

176 2404 325 2453 percuneos
339 2389 497 2453 (geminatus
511 2391 579 2439 enim
592 2389 728 2458 plehisqus
741 2388 902 2454 patrumque)

101 2483 156 2526 510
174 2479 316 2542 corripuit3
335 2479 452 2542 gaudent
464 2480 560 2544 perfusi
573 2480 699 2541 sanguine
712 2479 823 2528 fratrum

158 2568 299 2634 exilioque
314 2571 413 2622 domos
428 2576 455 2622 et
467 2570 560 2621 dulcia
568 2569 666 2620 hmine
674 2573 779 2614 mutant

143 2662 233 2720 atque
248 2663 307 2714 alio
322 2664 452 2731 patriam
464 2666 610 2731 quaerunt
620 2658 670 2708 suh
683 2656 742 2703 sole
750 2653 892 2705 'iacentem-
