1816 2956
71 107 134 155 ⁶2³0
312 118 337 156 P.
355 117 476 156 vunonn
496 117 627 157 aaronis

69 279 120 322 245
141 274 187 322 illa
199 273 279 322 fretus
292 275 347 336 agit
358 281 446 322 ventos
460 281 485 322 et
495 274 599 322 turbida
612 283 697 322 tranat

141 363 246 422 nubila3
271 364 375 426 iamque
398 364 489 411 volens
514 364 613 425 apicem
637 372 662 412 et
685 365 765 412 latera
790 380 821 411 ari

442 452 523 500 cernit

140 541 254 591 Atlantis
267 541 334 600 duri,
350 543 450 590 caelum
463 542 508 605 qni
522 542 614 590 vertice
628 541 708 601 fulcit,

139 630 263 689 Atlantis,
280 631 393 679 cinctum
405 631 512 679 adsidue
526 631 567 678 cui
581 631 693 679 nubibus
707 633 768 679 atris

140 717 278 780 piniferum
292 725 370 781 oaput
382 726 407 767 et
419 727 494 768 vento
508 721 626 782 pulsatur
639 728 663 768 et
676 720 760 779 imbri,

69 811 120 855 250
139 808 185 854 nix
198 821 301 855 umeros
314 807 400 855 infusa
412 809 484 870 tegit,
499 816 554 857 tum
567 810 675 858 flumina
687 818 773 858 mento

140 897 311 959 praecipitant
323 897 391 944 senis
404 905 430 946 et
441 898 526 960 glacie
538 899 605 960 riget
617 899 723 947 horrida
736 899 821 946 barba,

140 986 182 1034 hic
194 985 306 1048 primum
318 986 423 1048 paribus
438 987 521 1035 nitens
536 986 669 1049 Cyllenius
684 989 731 1036 alis

140 1074 269 1123 constitit:
289 1074 350 1122 hino
368 1081 422 1122 toto
440 1091 561 1138 praeceps
579 1092 606 1125 se
620 1092 727 1140 corpore
741 1077 773 1124 ad
787 1091 821 1124 un

139 1164 217 1222 misit,
234 1164 273 1210 evi
287 1164 379 1211 similis
392 1179 458 1226 quae
472 1165 568 1213 circum
583 1166 668 1224 litora,
685 1166 781 1214 circum

68 1257 119 1300 255
139 1252 254 1314 piscosos
267 1254 388 1315 scopulos
401 1253 506 1301 humilis
519 1255 590 1302 volut
603 1269 717 1316 aequora
729 1255 810 1301 iuxta.

139 1341 209 1388 heud
223 1342 298 1390 aliter
309 1347 389 1390 terras
402 1343 469 1390 iuter
483 1345 634 1405 caelumque
647 1343 751 1390 volabat

140 1430 200 1477 litus
213 1430 370 1478 harenosum
383 1432 416 1479 ad
429 1431 527 1493 Libyae
540 1429 680 1494 ventosque
694 1432 799 1480 secabat

139 1526 256 1568 materno
269 1520 373 1568 veniens
387 1520 418 1567 eh
433 1535 480 1568 avo
495 1519 615 1582 Cyllenia
628 1522 722 1583 proles.

139 1615 167 1654 ut
180 1609 290 1670 primum
305 1609 380 1656 elatis
394 1609 478 1670 tetigit
491 1609 604 1670 magalia
617 1610 722 1671 plantis,

68 1701 120 1745 260
139 1698 247 1745 Aenean
260 1697 411 1745 fundantem
425 1712 496 1745 arces
510 1713 540 1745 ao
553 1705 621 1745 tecta
633 1706 770 1745 novantem

140 1786 274 1848 conspicit.
302 1794 379 1849 atque
392 1787 431 1834 illi
444 1787 561 1834 stellatus
574 1787 672 1849 iaspide
686 1787 756 1834 fulva

139 1875 207 1923 en'sis
221 1881 276 1922 erat
288 1875 418 1938 Tyrioque
432 1875 539 1923 ardebat
552 1876 649 1923 murice
662 1877 738 1923 laena

139 1963 250 2010 demissa
264 1978 296 2010 ex
308 1964 411 2022 umeris,
428 1965 496 2012 dives
510 1979 577 2026 quae
590 1980 697 2012 munera
709 1965 779 2011 Dido

63 2035 66 2041 ,
140 2052 235 2099 i'eoeret
248 2058 273 2100 et
286 2052 355 2100 tenui
369 2052 434 2100 telas
449 2053 602 2100 discreverat
615 2068 687 2099 auro.

68 2146 118 2188 265
140 2140 263 2188 contiuuo
276 2141 388 2188 invadit:
407 2131 445 2188 ‘tu
459 2156 527 2189 nuno
540 2141 708 2202 Karthaginis
723 2143 792 2191 altae

139 2230 307 2277 fundamenta
320 2230 390 2277 locas
404 2230 592 2292 pulchramque
606 2231 711 2277 uxorius
726 2232 816 2280 urbem

139 2318 235 2366 extruis
248 2318 299 2365 heu
312 2317 384 2378 regni
398 2332 534 2381 rerumque
548 2319 627 2366 oblite
641 2320 761 2366 tuarum?

140 2408 194 2470 ipse
208 2408 284 2455 deum
297 2406 342 2454 tihi
356 2421 397 2454 me
411 2408 481 2454 eluro
496 2407 606 2454 demittit
619 2406 731 2470 Olympo

139 2503 268 2557 regnator,
285 2496 386 2543 caelum
399 2504 424 2543 et
437 2503 516 2543 terras
531 2497 574 2557 qui
590 2497 694 2543 numine
708 2504 820 2559 torquet,

57 2590 115 2632 270
133 2585 191 2648 ipse
204 2584 271 2633 haec
285 2584 350 2634 serre
363 2584 435 2633 iubet
447 2586 536 2633 celeris
550 2587 673 2633 mandata
686 2600 731 2647 per
744 2601 821 2636 aurae
