1816 2956
98 171 156 219 010
337 177 361 217 r.
380 177 499 217 vuuemr
520 174 651 217 nnaours

166 337 261 384 viribus
274 335 344 383 haud
358 335 418 382 ullis
431 335 512 382 valuit
524 334 667 382 discludere
680 348 785 384 morsus

166 424 265 472 roboris
278 424 390 471 Aeneas.
418 424 480 470 dum
493 423 583 470 nititur
595 437 655 470 acer
667 430 693 471 et
706 423 799 484 instat,

167 527 253 560 rursus
266 512 293 558 in
307 512 413 573 aurigae
426 511 519 559 faeiem
531 525 654 559 conversa
666 511 772 560 Metisci

97 605 147 651 785
167 600 295 663 procurrit
308 600 431 662 fratrique
445 614 532 648 ensem
544 601 593 649 dea
605 598 712 648 Daunia
725 603 823 650 reddit.
838 614 841 619 ·

167 690 237 751 quod
250 689 338 737 Venus
352 689 443 737 audaci
457 688 586 751 nymphae
598 688 735 749 indignata
749 691 832 740 licere

167 777 275 825 accessit
287 778 418 839 telumque
431 777 484 824 alta
496 776 528 824 ab
542 777 629 824 radice
642 778 751 826 revellit.

167 867 213 914 olli
227 866 358 923 sublimes,
374 865 451 912 armis
465 865 610 927 animisque
622 865 722 924 relecti,

166 954 209 1001 hic
221 954 309 1015 gladio
323 954 413 1011 fidens,
429 953 471 1001 hic
484 968 543 1002 acer
556 961 581 1003 et
594 954 688 1001 arduos
703 954 792 1014 hasta,

98 1045 148 1092 700
168 1043 296 1090 adsistunt
308 1049 397 1089 contra
410 1043 551 1090 certamina
563 1041 653 1088 Martis
666 1042 765 1090 anheli.

202 1131 329 1178 Iunonem
341 1131 440 1178 interea
452 1145 497 1178 rex
510 1130 694 1192 omnipotentis
709 1130 819 1195 Olympi

168 1220 325 1281 adloquitur,
341 1219 411 1266 fulva
422 1233 523 1281 pugnas
537 1219 569 1266 de
582 1218 651 1266 uube
663 1225 791 1268 tuentem.

177 1322 243 1370 quac
256 1307 307 1354 iam
320 1307 378 1354 linis
389 1308 444 1366 erit,
458 1306 589 1355 coniunxi
606 1307 666 1368 quid
678 1308 797 1371 denique
807 1310 893 1359 restat?

168 1397 308 1456 indigetem
321 1397 428 1444 Aenean
443 1396 491 1443 scis
505 1396 562 1457 ipsa
575 1403 600 1443 et
612 1395 676 1442 scire
689 1395 781 1444 fateris

99 1489 147 1534 795
169 1485 255 1533 deberi
269 1485 340 1532 caelo
355 1484 465 1546 fatisque
481 1485 513 1531 ad
527 1484 612 1531 sidera
625 1484 691 1531 tolli.

168 1573 229 1634 quid
243 1573 336 1619 struis?
356 1580 401 1619 aut
414 1588 465 1633 qua
477 1588 521 1634 spe
534 1573 627 1633 gelidis
636 1572 662 1618 in
670 1571 787 1621 nubibus
796 1572 893 1624 haeres?

167 1661 288 1709 mortalia
303 1662 388 1708 decuit
400 1661 490 1707 violari
503 1662 606 1708 voluere
620 1661 724 1707 divom?

168 1758 212 1796 aut
225 1764 311 1797 ensem
325 1750 398 1811 (quid
414 1749 482 1796 enim
495 1750 550 1797 sine
563 1757 587 1797 te
600 1750 708 1795 Iuturna
721 1751 853 1814 valeretl)

168 1849 282 1899 ereptum
296 1838 367 1885 reddi
381 1838 469 1884 Turno
484 1846 508 1884 et
520 1839 570 1885 rim
585 1852 697 1885 crescere
711 1839 808 1888 vietis?

98 1930 148 1972 800
168 1926 256 1972 desine
269 1925 321 1971 iarn
335 1926 438 1973 tandem
452 1927 621 1988 precibusque
634 1926 766 1975 inflectere
782 1931 874 1977 riestris

168 2021 253 2060 necte
268 2021 351 2060 tantus
366 2015 425 2061 edat
437 2015 540 2061 tacitam
556 2015 630 2061 dolor
643 2015 745 2062 etmihi
760 2033 841 2066 curae

167 2115 244 2161 saepe
258 2110 301 2147 tuo
316 2102 383 2148 dulci
398 2103 481 2149 tristes
496 2117 527 2150 ex
540 2117 583 2149 ore
597 2111 737 2150 recursant.

167 2195 269 2235 ventum
283 2190 314 2236 ad
329 2205 477 2250 supremum
490 2198 536 2238 est.
565 2191 636 2237 terris
654 2192 753 2251 agitare
769 2196 812 2243 vel
827 2196 893 2243 undis

167 2275 293 2322 Troianus
308 2277 421 2338 potuisti,
437 2278 572 2324 infandum
584 2280 726 2327 accendere
740 2281 852 2343 bellurn,

95 2368 147 2410 805
168 2364 311 2412 deformare
325 2366 429 2411 ‹lcmnm
444 2375 468 2412 et
481 2367 551 2414 luctu
565 2368 670 2414 miscere
684 2367 864 2429 hymenaeos:

166 2453 272 2500 ulterius
286 2432 409 2514 temptare
423 2446 499 2501 vetc.’
524 2455 560 2501 sic
574 2455 688 2516 luppiter
702 2471 798 2518 orsus;

166 2541 203 2587 sic
217 2541 264 2588 dea
277 2541 402 2587 submissa
417 2550 506 2589 contra
520 2541 641 2590 Saturnia
654 2544 735 2592 voltu.

162 2617 223 2678 ‘ista
236 2630 339 2694 quidem
353 2631 413 2692 quia
427 2638 488 2677 nota
501 2631 562 2677 inihi
577 2639 629 2690 tna,
645 2647 750 2694 magne,
768 2639 892 2686 voluntas.
