1816 2956
327 193 447 235 ECLOGA
464 193 505 234 Vl·
773 184 812 233 28

88 354 193 416 iamque
206 366 300 400 novom
313 357 396 400 terras
408 357 528 414 stupeant
539 350 668 400 lucescere
681 349 762 399 solem

88 441 166 490 altius
180 448 257 504 atque
271 440 365 490 cadant
377 438 502 488 submotis
516 438 626 487 nubibus
639 438 742 498 imbres,

87 530 215 593 incipiant
226 529 306 578 silvae
318 544 378 578 cnm
390 528 501 591 primum
514 542 619 589 surgere
632 541 743 590 cumque

40 625 68 668 to
89 633 149 666 rara
161 633 207 681 per
219 617 324 680 ignaros
337 623 422 666 errent
434 616 558 665 animalia
570 616 673 664 montis.

88 707 150 756 hinc
162 706 261 770 lapides
274 706 388 768 Pyrrhae
401 706 491 764 iactos,
507 704 629 753 Saturnia
642 718 730 765 regna,

89 794 282 857 Caucasiasque
292 793 370 842 refert
379 794 496 843 volucres
503 793 650 856 furtumque
658 792 813 840 Promethei.

88 884 129 932 his
142 884 262 944 adiungit
274 882 359 947 Hylan
372 889 467 930 nautae
479 895 529 944 quo
545 881 615 930 fonte
628 881 744 930 relictam

89 974 253 1030 clamassent,
267 978 296 1018 ut
308 970 368 1019 litus
378 960 465 1032 ‘Hyla,
481 961 555 1032 Hyla’
568 983 644 1019 omne
656 976 768 1018 sonaret.

39 1067 67 1109 t5
89 1068 115 1108 et
127 1060 293 1119 fortunatam,
308 1058 330 1106 si
344 1073 485 1122 numquam
497 1066 613 1106 armenta
625 1057 741 1116 fuissent,

88 1148 235 1211 Pasiphaen
249 1147 316 1195 nivei
328 1147 427 1195 solatur
440 1161 527 1195 amore
539 1146 648 1194 iuvenci.

89 1252 113 1296 a,
129 1237 201 1298 virgo
215 1236 315 1295 infelix,
331 1249 397 1297 qnae
410 1244 434 1283 tc
448 1234 577 1283 dementia
590 1234 671 1296 cepit!

88 1325 221 1374 Proetides
235 1325 366 1386 inplerunt
377 1323 449 1372 falsis
462 1322 601 1384 mugitibus
615 1337 706 1385 agros:

89 1420 116 1461 at
128 1428 181 1462 non
194 1420 247 1460 tam
260 1412 342 1475 turpis
354 1412 483 1476 pecudum
495 1419 581 1460 tamon
594 1413 649 1460 ulla
661 1418 773 1460 secutast

39 1508 68 1551 50
89 1502 250 1561 concubitus,
266 1503 383 1566 quamvis
396 1503 463 1552 collo
477 1500 603 1549 timuisset
616 1508 728 1548 aratrum

89 1597 115 1638 et
127 1604 204 1653 saepe
217 1591 243 1638 in
257 1591 306 1641 levi
319 1591 462 1654 quaesisset
474 1604 572 1638 cornua
584 1589 677 1637 fronto.

90 1694 114 1737 a,
129 1679 201 1740 virgo
214 1679 313 1738 infelix,
329 1686 356 1727 tu
369 1693 439 1727 nunc
451 1678 478 1725 in
491 1677 620 1726 montibus
634 1691 718 1725 erras:

89 1767 144 1827 ille,
159 1768 226 1816 latus
239 1767 341 1816 niveum
354 1767 426 1816 molli
440 1767 517 1822 fultus
531 1765 679 1828 hyacintho,

89 1856 149 1904 ilice
162 1854 208 1904 sub
222 1857 297 1918 nigra
309 1855 430 1919 pallentis
443 1855 556 1905 ruminat
568 1853 670 1912 herbas,

38 1950 69 1994 55
90 1951 135 1992 aut
147 1945 261 2006 aliquam
275 1945 302 1992 in
320 1959 415 2006 magno
432 1943 548 2006 sequitur
564 1956 652 2004 grege.
683 1942 813 2000 ‘claudite,

390 2032 528 2094 nymphae,

88 2121 214 2171 Dictaeae
227 2121 367 2184 nymphae,
387 2134 522 2168 nemorum
534 2118 586 2166 iarn
599 2119 711 2168 claudite
724 2119 813 2177 saltus,

89 2210 164 2272 siqua
177 2210 243 2257 forte
256 2209 340 2257 ferant
352 2208 434 2257 oculis
447 2222 503 2256 sese
516 2207 592 2254 obvia
604 2208 697 2254 nostris

89 2298 236 2347 errabunda
248 2297 319 2346 bovis
332 2296 454 2358 vestigia3
475 2296 583 2343 forsitan
596 2296 669 2343 illurn

90 2394 135 2434 aut
147 2385 227 2435 herba
240 2393 343 2448 captum
356 2385 429 2432 viridi
443 2392 488 2433 aut
501 2392 617 2432 armenta
629 2392 746 2432 secutum

37 2482 69 2524 50
88 2475 233 2538 perducant
245 2474 348 2537 aliquae
361 2472 463 2521 stabula
475 2473 508 2521 ad
522 2471 652 2538 Gortynia
662 2462 773 2519 uaccae?

86 2571 139 2608 tum
152 2562 222 2607 canit
231 2561 404 2624 Hesperidum
418 2565 548 2616 miratam
560 2567 638 2617 mala
650 2563 798 2630 puellam,

69 2650 124 2688 tum
134 2643 366 2704 Phaethontiadas
378 2671 479 2710 musco
497 2660 664 2712 circumdat
679 2666 800 2706 amarae
