1816 2956
53 175 112 222 226
292 185 317 222 Ρ.
335 183 457 222 VERGILI
477 181 607 221 Manonrs

123 341 207 404 qualis
220 340 265 387 ubi
278 340 412 388 hibernam
425 339 532 401 Lyciam
546 338 696 401 Xanthique
709 340 806 388 fluenta

123 430 218 478 deserit
230 445 260 478 ac
272 429 370 476 Delum
382 435 526 477 maternam
539 428 626 475 invisit
638 429 736 491 Apollo

55 526 103 568 145
122 520 300 580 instauratque
313 517 406 565 choros
418 516 544 578 mixtique
558 517 650 565 altaria
664 517 761 565 circum

124 607 265 669 Cretesque
272 606 441 668 Dryopesque
452 605 564 653 fremunt
575 605 688 668 pictique
695 606 834 669 Agathyrsi
845 623 852 665 ;

124 697 181 760 ipse
193 696 261 758 iugis
275 694 369 757 Cynthi
383 694 499 756 graditur
511 695 638 757 mollique
650 695 771 743 fluentem

124 785 216 834 fronde
228 784 321 847 premit
333 784 430 832 crinem
443 784 542 844 fingens
559 792 636 845 atque
653 783 762 845 inplicat
779 798 851 842 aure,

124 875 177 923 tela
189 880 285 922 sonant
296 873 406 920 umeris:
428 873 497 920 haud
511 873 558 919 illo
571 872 675 933 segnior
688 872 742 921 ibat

58 970 105 1013 150
124 966 244 1022 Aeneas3
265 968 365 1010 tantum
378 961 483 1022 egregio
497 962 574 1009 decus
588 961 667 1008 enitet
680 975 732 1009 ore.

124 1060 262 1116 postquam
287 1051 354 1099 altos
378 1057 482 1098 ventum
506 1051 534 1098 in
559 1058 659 1098 montes
685 1056 762 1111 atque
785 1049 855 1099 invia

427 1139 516 1198 lustra,

125 1245 186 1279 ecce
198 1228 267 1277 ferae
280 1228 337 1276 saxi
350 1228 465 1277 deiectae
477 1228 571 1276 vertice
585 1241 677 1290 caprae

126 1320 260 1366 decurrere
272 1317 349 1378 iugis,
365 1317 417 1365 elia
430 1317 462 1365 de
475 1323 547 1378 parte
560 1322 676 1378 patentes

125 1406 302 1455 transmittunt
315 1420 391 1453 eursu
404 1420 509 1467 campos
523 1411 600 1467 atque
613 1404 718 1466 agmina
731 1405 796 1452 cervi

57 1503 104 1545 155
125 1496 304 1559 pulverulenta
317 1494 379 1556 fuga
391 1494 538 1556 glomerant
550 1501 702 1555 montesque
715 1493 852 1541 relincunt.

127 1592 153 1632 at
166 1599 230 1646 puer
242 1583 370 1631 Ascanius
383 1583 474 1630 mediis
487 1582 514 1629 in
527 1582 637 1630 vallibus
652 1582 704 1630 aeri

126 1673 222 1736 gaudet
241 1687 324 1735 equo,
349 1672 454 1734 iamque
473 1672 520 1719 hos
540 1686 631 1729 cursu,
658 1671 710 1717 iarn
733 1671 855 1733 praeterit

428 1760 497 1818 illos,

127 1857 341 1913 spumantemque
354 1849 409 1897 dari
423 1864 517 1911 pecora
530 1849 597 1896 inter
609 1848 702 1896 inertia
715 1848 780 1896 rotis

127 1945 200 2002 optat
211 1954 301 2000 aprum
313 1946 357 1986 aut
367 1937 465 1985 fulvom
479 1938 633 1985 descendere
645 1944 732 1985 monte
742 1938 853 1985 leonem.

59 2033 107 2076 160
162 2028 264 2076 Interea
276 2041 372 2088 magno
384 2027 486 2074 misceri
499 2041 628 2074 murmure
643 2026 743 2074 caelum

126 2116 233 2179 incipit3
254 2115 397 2177 insequitur
412 2115 552 2162 commixta
563 2114 689 2176 grandine
703 2115 821 2174 nimbus;

128 2213 153 2254 et
164 2204 235 2267 Tyrii
249 2205 356 2253 comites
369 2204 465 2266 passim
479 2210 504 2251 et
516 2203 631 2250 Troiana
643 2203 762 2251 iuventus

127 2294 327 2356 Dardaniusque
340 2307 421 2356 nepos
435 2293 543 2341 Veneris
557 2292 656 2340 diversa
669 2306 715 2353 per
728 2306 805 2354 agros

128 2390 196 2432 tecta
208 2391 278 2431 metu
291 2381 402 2444 petiere:
423 2388 501 2428 ruont
514 2381 545 2428 de
558 2380 689 2427 montibus
703 2396 803 2430 amnes.

60 2477 108 2520 165
128 2473 279 2535 speluncam
291 2470 361 2518 Dido
375 2471 427 2517 dux
441 2477 466 2517 et
478 2469 606 2517 Troianus
620 2468 729 2517 eundern

129 2560 275 2608 deveniunt.
302 2559 386 2621 prima
399 2565 424 2606 et
435 2558 525 2606 Tellus
539 2565 564 2605 et
576 2557 695 2620 pronuba
707 2557 774 2605 Iuno

122 2650 189 2696 dant
199 2649 323 2711 signum3
345 2647 439 2696 fulsere
452 2647 524 2708 ignes
538 2654 562 2694 et
575 2646 693 2694 conscius
707 2647 798 2696 aether
