1816 2956
78 161 138 209 188
316 172 341 210 r.
364 171 484 210 venerer
500 171 631 210 uxnorns

145 328 277 387 venimus3
299 327 341 375 hie
355 328 459 375 demum
472 329 588 376 collectis
602 329 721 376 omnibus
734 343 787 376 una

146 416 228 466 defuit
239 423 265 464 et
277 416 383 464 comites
396 424 537 478 nutumque
550 417 684 480 virumque
696 417 797 465 fefellit.

75 509 126 554 745
147 519 223 568 quem
240 519 294 551 non
310 505 425 553 incusavi
443 519 530 552 amens
550 506 737 568 hominumque
758 507 878 554 deorum-

447 608 506 656 que,

146 688 191 730 aut
204 681 265 744 quid
278 682 305 729 in
319 687 406 730 euersa
417 682 469 729 vidi
483 683 613 730 crudelius
626 683 707 732 urbe?

144 770 286 819 Ascanium
293 770 478 833 Anchisenque
487 777 586 833 patrem
593 771 759 835 Teucrosque
770 780 878 834 penates

145 860 298 908 commendo
313 859 389 907 soeiis
403 866 428 907 et
441 874 518 908 curva
530 861 597 908 valle
610 861 732 920 recondo,

143 948 199 1011 ipse
212 947 302 996 urbem
316 955 403 1010 repeto
416 955 442 996 et
455 948 546 1010 cingor
558 948 717 1010 fulgentibus
732 949 820 996 armis.

75 1039 125 1087 750
146 1043 197 1085 stat
208 1051 281 1086 casus
294 1051 418 1084 renovare
431 1051 520 1085 omnes
534 1052 688 1100 omnemque
702 1039 792 1086 reverti

143 1141 189 1189 per
202 1125 309 1174 Troiam
321 1133 347 1173 et
359 1140 447 1172 rursus
461 1133 539 1189 caput
552 1126 682 1174 obiectare
695 1127 808 1188 periclis.

143 1214 271 1277 principio
284 1229 371 1262 muros
385 1214 547 1277 obscuraque
560 1215 651 1263 limina
663 1223 761 1278 portae,

144 1318 196 1366 qua
208 1317 324 1365 gressum
338 1304 490 1363 extuleram,
506 1310 593 1365 repeto
607 1310 632 1351 et
644 1303 753 1365 vestigia
766 1311 836 1351 retro

143 1391 279 1440 observata
291 1407 386 1455 sequor
398 1407 444 1455 per
457 1399 560 1440 noctem
574 1399 599 1439 et
611 1393 708 1440 lumine
722 1392 812 1439 lustro.

73 1484 123 1530 755
145 1480 236 1528 horror
248 1480 344 1543 ubique
357 1481 453 1539 animo,
469 1481 545 1528 simul
559 1481 616 1543 ipsc
629 1481 733 1529 silentia
750 1489 855 1548 torrent.

143 1570 204 1618 inde
218 1570 332 1628 domum,
348 1569 369 1616 si
383 1570 449 1616 forte
461 1570 562 1632 pedem,
577 1570 599 1617 si
613 1570 678 1617 forte
691 1570 799 1627 tulisset,

144 1673 185 1707 me
200 1658 291 1708 refero.
324 1659 458 1706 inruerant
469 1658 555 1705 Danai
569 1666 594 1706 et
606 1666 701 1706 tectum
715 1673 791 1706 onme
805 1665 875 1707 tene-

187 1749 189 1751 ’
445 1747 515 1794 bant.

144 1836 214 1884 ilicet
227 1835 294 1898 ignis
308 1836 375 1883 edax
388 1850 489 1883 summa
502 1836 533 1883 ad
549 1835 651 1897 fastigia
663 1842 739 1883 vento
789 1872 790 1875 η

144 1924 262 1982 volvitur,
278 1931 421 1986 exuperant
433 1924 561 1983 flammae,
576 1925 638 1972 furit
650 1932 735 1971 aestus
744 1924 776 1971 ud
786 1941 873 1974 auras.

74 2016 124 2062 760
144 2012 257 2075 procedo
270 2020 295 2060 et
307 2013 403 2060 Priami
417 2013 490 2060 sedes
505 2028 642 2076 arcemque
655 2013 747 2060 reviso.

144 2107 169 2149 et
180 2101 233 2148 iem
246 2101 386 2163 porticibus
399 2103 485 2149 vacuis
499 2102 606 2149 Iunonis
620 2103 691 2164 asylo

144 2191 262 2238 custodes
275 2191 335 2238 lecti
348 2191 467 2238 Phoenix
480 2199 505 2239 et
518 2192 587 2239 dirus
601 2192 689 2239 Ulixes

143 2279 266 2342 praedam
279 2280 457 2328 adservabant.
486 2280 535 2328 hue
548 2281 662 2342 undique
675 2279 756 2326 Troia
768 2295 836 2342 gaze

143 2368 254 2416 incensis
268 2376 356 2431 erepta
369 2369 451 2431 adytis
465 2383 620 2431 mensaeque
634 2370 741 2416 deorum

74 2459 122 2505 765
144 2464 304 2520 crateresque
318 2472 381 2504 auro
395 2457 471 2505 solidi
485 2458 636 2520 captivaque
649 2458 725 2505 vestis

129 2546 299 2613 ¹congeritur¹
334 2546 407 2608 pueri
421 2554 446 2594 et
459 2547 567 2608 pavidae
581 2548 660 2606 longo
674 2546 764 2594 ordine
778 2556 877 2598 matres

40 2674 73 2776 Ι
140 2642 211 2683 stant
224 2635 329 2683 circum.
