1816 2956
309 156 458 197 Anustnes
476 158 563 196 arnna
578 159 608 197 u.
799 149 856 197 183

58 319 109 363 615
130 314 183 363 iam
196 329 308 362 summas
323 329 393 362 arces
407 314 534 371 Tritonia,
550 315 657 377 respice,
673 315 760 363 Pallas

130 398 232 461 insedit,
248 402 328 450 limbo
342 403 466 464 ellirlgens
481 410 505 450 ct
519 402 641 465 Gorgone
654 418 738 451 saeva.

130 491 184 554 ipse
197 498 271 554 pater
282 491 381 540 Danais
396 491 495 538 animos
509 493 625 554 viresque
637 493 763 540 secundas

130 580 232 638 sufficit,
247 580 302 642 ipse
316 580 378 627 deos
390 579 417 626 in
430 579 555 628 Dardana
568 581 675 629 suscitat
686 596 766 629 arma.

131 669 209 730 eripe,
224 676 292 726 nate,
308 668 397 730 sugam
409 668 537 731 finemque
550 670 646 732 inpone
659 669 751 718 labori.

58 760 110 804 620
131 770 259 818 nusquam
272 757 349 804 abero
363 766 388 805 et
401 764 483 804 tutum
496 759 579 820 patrio
594 766 618 806 te
632 759 720 806 limine
733 749 842 807 sistam.'

130 844 231 895 dixerat
243 854 268 893 et
281 846 368 908 spissis
382 846 464 893 noctis
478 860 504 893 sc
518 846 634 893 condidit
647 847 753 895 umbris.

131 934 256 996 adparent
270 935 341 982 dirae
353 934 432 982 facies
446 935 602 997 inimicaque
616 935 710 984 Troiae

130 1023 238 1071 numina
250 1038 346 1085 magna
359 1024 443 1071 deum.

165 1111 233 1159 Tum
246 1127 305 1160 vcro
319 1126 394 1159 omne
407 1113 470 1159 mihi
484 1112 565 1160 visum
579 1113 712 1161 considere
726 1113 752 1160 in
768 1113 842 1175 ignes

58 1204 109 1248 625
129 1199 208 1247 Ilium
221 1208 246 1248 et
258 1215 290 1249 ex
303 1201 355 1249 imo
368 1200 430 1248 verti
443 1200 574 1264 Neptunia
586 1201 682 1261 Troia3

131 1303 160 1337 ac
174 1289 252 1337 veluti
264 1290 369 1338 summis
383 1290 517 1353 antiquam
530 1291 556 1337 in
572 1290 702 1338 montibus
716 1304 807 1338 ornum

130 1392 189 1427 oum
208 1377 275 1426 ferro
295 1379 406 1427 accisam
426 1379 573 1440 crebrisque
591 1378 746 1442 bipennibus
764 1379 861 1428 instant

130 1481 218 1514 eruere
232 1467 361 1528 agricolae
375 1467 499 1525 certatim,
515 1467 562 1514 illa
576 1483 656 1530 usque
669 1468 783 1516 minetur

129 1562 154 1604 et
167 1555 316 1604 tremefacta
329 1570 430 1604 comam
445 1570 571 1604 concusso
585 1556 678 1604 vertice
691 1564 773 1618 nutat,

57 1648 109 1692 630
128 1643 275 1691 volneribus
290 1645 372 1692 donec
386 1644 521 1706 paullatim
535 1645 616 1692 evicta
628 1660 776 1707 supremum

128 1732 277 1793 congemuit
290 1733 419 1794 traxitque
432 1733 498 1793 iugis
513 1733 601 1780 avolsa
614 1734 724 1780 ruinam.

129 1821 257 1870 descendo
271 1836 300 1868 ac
315 1821 423 1868 ducente
438 1822 486 1868 deo
499 1821 629 1870 flammam
642 1821 709 1870 inter
722 1830 747 1869 et
760 1822 840 1870 hostis

128 1909 268 1972 expedier;
290 1910 352 1957 dant
368 1910 420 1958 tela
438 1910 523 1957 locum
542 1911 711 1973 flammaeque
725 1912 856 1960 recedunt.

164 2000 250 2061 Atque
262 1998 305 2047 ubi
317 1999 369 2045 iarn
381 1999 480 2060 patriae
492 2007 641 2060 perventum
653 2001 685 2046 ad
694 2000 784 2048 limina
791 2000 858 2048 sedis

55 2092 108 2136 635
129 2087 300 2149 antiquasque
314 2088 414 2146 domos,
429 2087 540 2149 genitor,
558 2103 634 2149 quem
648 2089 738 2137 tollere
752 2089 778 2136 in
792 2089 859 2136 altos

128 2176 251 2238 optabam
265 2177 375 2239 primurn
389 2177 483 2224 montis
497 2177 660 2240 primumque
674 2177 801 2239 petebam,

128 2264 242 2327 abnegat
254 2266 341 2313 excisa
354 2266 432 2312 vitam
445 2266 587 2328 producere
600 2265 681 2314 Troia

128 2353 287 2416 exiliumque
300 2354 362 2416 pati.
388 2342 443 2400 ‘vos
457 2368 481 2412 ο,
498 2353 591 2415 quibus
605 2354 704 2416 integer
717 2353 771 2402 aevi

128 2435 242 2504 sanguis'
256 2444 292 2491 ait
301 2433 463 2504 ‘solidaeque
476 2457 523 2489 suo
536 2449 605 2489 stant
618 2442 710 2490 robore
723 2442 796 2500 vires,

55 2537 108 2580 eto
128 2546 173 2578 vos
187 2531 282 2592 agitate
296 2532 392 2593 fugam.

128 2633 169 2668 me
183 2620 204 2667 si
218 2620 358 2668 caelicolae
372 2621 513 2667 voluissent
526 2620 619 2667 ducere
633 2620 722 2677 vitam„
