1816 2956
239 198 385 237 nnnsrbos
404 199 491 236 Llssna
508 199 551 236 Xl.
738 190 798 236 475

43 390 47 395 -
75 357 136 403 dum
149 355 216 402 subit
230 371 259 402 ac
273 356 389 402 dextram
403 354 498 402 labenti
513 354 595 402 tendit
608 354 741 412 inermem,

75 445 227 508 praecipites
240 444 386 505 pariterque
400 451 484 489 ruont.
513 443 552 489 his
566 443 639 490 addit
650 445 800 492 Amastrum

76 533 239 596 Hippotaden
253 531 420 593 sequiturque
433 531 584 579 incumbens
597 532 697 580 eminus
710 532 785 580 hasta

29 627 53 671 la
75 623 208 684 Tereaque
222 620 447 681 Harpalycumque
467 627 492 667 et
504 619 706 682 Demophoonta
720 619 803 669 Chro-

376 708 505 770 mimque3

75 806 189 860 quotque
203 797 296 845 emissa
309 811 387 844 manu
401 797 526 844 contorsit
538 797 639 858 spicula
651 797 732 859 virgo,

76 895 113 933 tot
126 886 231 946 Phrygii
245 886 360 934 cecidere
373 885 427 931 viri.
456 886 545 947 procul
561 884 673 947 Ornytus
690 886 767 934 armis

76 974 170 1033 ignotis
184 980 209 1021 et
221 988 288 1036 equo
302 980 408 1021 venator
420 973 515 1035 Iapyge
528 975 616 1032 fertur,

76 1062 116 1108 cui
130 1062 205 1123 pellis
219 1065 284 1110 latos
297 1076 399 1109 umeros
413 1070 499 1124 erepta
512 1063 619 1111 iuvenco

29 1156 56 1198 30
75 1151 212 1211 pugnatori
227 1150 318 1211 operit,
335 1156 412 1211 caput
424 1149 516 1211 ingens
529 1151 580 1197 oris
594 1151 679 1199 hiatus

76 1247 100 1286 et
113 1239 196 1286 malae
210 1246 295 1286 texere
308 1237 362 1300 lupi
376 1252 434 1284 cum
448 1238 566 1286 dentibus
584 1239 659 1299 albis,

76 1328 234 1389 agrestisque
247 1341 338 1375 manus
352 1333 434 1373 armat
447 1341 546 1388 sparus,
562 1328 617 1390 ipse
631 1328 738 1376 cateruis

75 1417 180 1465 vertitur
192 1417 218 1463 in
232 1416 323 1465 mediis
336 1422 362 1463 et
374 1422 428 1462 toto
442 1415 536 1463 vertice
549 1423 659 1478 suprast.

75 1504 143 1552 hunc
168 1505 214 1552 illu
235 1512 371 1567 exceptum
396 1503 492 1566 (neque
518 1505 586 1552 enim
607 1504 682 1552 labor
701 1505 804 1568 agmine

375 1594 460 1655 verso)

29 1686 54 1728 35
75 1682 160 1728 traicit
173 1690 197 1729 ct
210 1697 287 1745 super
300 1682 364 1730 haec
377 1682 482 1729 inimico
496 1689 599 1744 pectore
612 1680 688 1728 fatur.

71 1759 152 1816 ‘silvis
165 1779 198 1826 tc,
214 1771 355 1831 Tyrrhene,
371 1770 438 1818 feras
452 1771 549 1831 agitare
563 1769 675 1833 putasti?

75 1858 178 1906 advenit
191 1859 235 1919 qui
249 1865 332 1906 vestra
346 1858 399 1905 dies
413 1858 581 1906 muliebribus
595 1859 673 1906 armis

74 1945 151 1993 rerba
164 1947 330 2007 redarguerit.
353 1960 448 1993 nomen
459 1953 545 1995 tamen
556 1947 626 1995 haud
637 1947 691 1995 lere
702 1955 804 2010 patrum

75 2034 194 2082 manibus
208 2035 257 2082 hoc
270 2035 372 2092 referes,
389 2036 440 2082 telo
454 2036 577 2084 cecidisse
592 2028 740 2084 Camillae.'

29 2128 55 2170 l0
74 2123 191 2184 protinus
206 2122 372 2171 Orsilochum
385 2130 410 2171 et
422 2124 521 2183 Buten,
544 2125 595 2171 duo
609 2125 723 2172 maxima
736 2124 804 2171 Teu·

377 2228 449 2260 crum

76 2315 199 2362 corpora:
222 2301 265 2348 scd
279 2300 362 2347 Buten
377 2315 493 2348 aversum
507 2302 613 2364 cuspide
625 2300 681 2348 fixit

75 2389 183 2436 loricam
196 2390 350 2451 galeamque
363 2389 438 2447 inter,
455 2405 506 2452 qua
519 2390 588 2438 colla
600 2390 712 2438 sedentis

74 2477 162 2525 lucent
175 2485 199 2525 et
212 2478 285 2525 laevo
300 2477 427 2540 dependet
438 2493 528 2540 parma
542 2479 655 2536 lacert03

76 2565 255 2624 Orsilochum,
279 2567 379 2630 fugiens
399 2581 584 2632 magnumque
597 2568 702 2628 agitata
716 2575 768 2622 qen
783 2572 829 2602 or·

377 2659 452 2719 bern,
