1816 2956
60 161 127 207 414
304 170 330 208 P.
347 169 469 208 VERGILI
489 167 621 208 Mauorte

134 333 259 375 certantes
272 326 458 388 pulchramque
471 331 561 387 petunt
570 338 616 386 per
624 324 735 371 volnera
746 331 864 372 mortem

168 415 205 462 At
216 413 314 461 medias
327 414 394 461 inter
407 413 499 462 caedes
512 413 613 461 exultat
625 413 759 472 Amazon,

133 517 214 550 unum
227 509 314 550 exerta
327 502 394 550 latus
408 516 519 564 pugnae,
535 501 685 563 pharetrata
700 499 828 560 Camilla,

60 596 114 639 650
134 599 159 640 et
171 605 240 638 nunc
253 593 324 639 lenta
336 605 416 638 manu
429 605 553 653 spargens
567 589 672 637 hastilia
685 589 791 647 denset,

134 694 203 728 nunc
216 680 329 728 validam
342 680 432 727 dextra
445 679 513 740 rapit
525 678 654 726 indefessa
667 677 829 740 bipennem3

135 784 227 817 aureus
240 784 273 817 ex
285 781 374 815 umero
387 773 464 815 sonat
476 781 550 814 arcus
564 772 589 814 et
601 781 674 814 arma
686 766 805 816 Dianae.

134 858 181 906 illa
194 858 280 916 etiam,
296 857 424 918 siquando
438 856 464 902 111
479 862 579 916 tergum
593 855 669 917 pulsa
680 857 802 916 recessit,

135 947 235 1009 spicula
248 959 370 994 converso
384 944 511 1005 fugientia
524 943 612 1004 dirigit
624 957 696 991 arcu.

62 1040 115 1083 655
136 1043 162 1083 at
175 1035 271 1082 circum
284 1035 366 1083 lectae
380 1034 495 1092 comites,
510 1031 660 1094 Larinaque
673 1031 751 1094 virgo

135 1123 265 1185 Tullaque
279 1131 303 1171 et
316 1129 429 1170 aeratam
443 1122 561 1184 quatiens
574 1120 688 1182 Tarpeia
701 1122 829 1182 securim,

134 1213 249 1271 Italides,
265 1226 329 1273 quas
342 1211 399 1273 ipsa
412 1211 490 1259 decus
503 1209 551 1257 sibi
565 1209 609 1256 dia
622 1207 740 1257 Camilla

137 1300 234 1361 delegit
246 1301 369 1362 pacisque
382 1299 463 1347 bonas
477 1299 591 1360 bellique
603 1297 748 1357 ministras,

137 1389 225 1452 quales
239 1388 374 1436 Threiciae
388 1403 446 1436 cum
459 1388 566 1435 flumina
578 1386 788 1435 Thermodontis

64 1483 116 1526 660
135 1478 240 1540 pulsant
253 1484 278 1525 et
290 1477 364 1539 pictis
378 1476 508 1524 bellantur
520 1477 667 1523 Amazones
681 1476 776 1535 armis,

135 1581 180 1614 scu
194 1566 289 1613 circum
302 1564 459 1627 Hippolyten
473 1580 518 1613 seu
532 1579 590 1612 cum
603 1578 630 1611 se
643 1563 743 1612 Martia
759 1581 838 1613 curru

135 1654 299 1702 Penthesilea
312 1654 396 1711 refert,
413 1668 560 1716 magnoque
573 1654 691 1700 ululante
706 1656 825 1702 tumultu

136 1743 247 1790 feminea
260 1744 378 1790 exultant
391 1743 486 1790 lunatis
499 1742 604 1802 agmina
617 1742 703 1803 peltis.

136 1846 210 1893 quom
225 1832 276 1879 telo
284 1833 404 1894 primum,
422 1846 497 1893 quem
505 1839 672 1893 postremum,
683 1847 783 1894 aspera
790 1834 864 1895 virgo,

63 1925 115 1967 665
136 1920 233 1967 deicis?
252 1929 297 1968 aut
310 1928 373 1983 quot
386 1920 456 1966 humi
470 1920 607 1967 morientia
621 1935 735 1982 corpora
749 1923 855 1970 fundis?

134 2008 253 2055 Euncum
267 2007 352 2070 Clytio
366 2009 476 2070 primum
491 2016 577 2071 patre:
600 2009 672 2056 cuius
686 2018 813 2070 apertum

135 2097 233 2144 adversi
247 2098 327 2157 longa
339 2097 528 2145 transverberat
541 2097 623 2144 abiete
636 2105 744 2158 pectus;

135 2186 268 2245 sanguinis
283 2186 326 2233 ille
339 2200 444 2233 vomens
459 2186 525 2233 riuos
539 2186 608 2233 cadit
621 2192 698 2247 utique
714 2200 854 2237 cruentam

136 2274 235 2320 mandit
248 2274 354 2321 humum
367 2275 532 2336 moriensque
550 2289 596 2321 suo
615 2285 641 2320 se
654 2275 681 2320 iu
695 2277 809 2326 volnerc
823 2292 864 2325 ver

437 2370 485 2409 sat.

62 2455 115 2501 670
136 2457 189 2499 111111
202 2449 284 2498 Lirim
297 2450 479 2513 Pagasumque
498 2467 589 2513 super:
612 2464 725 2512 quorum
747 2454 818 2502 alter
832 2454 864 2500 ha

441 2540 526 2588 henas

115 2643 242 2696 suffosso
257 2640 407 2695 revolutus
421 2644 494 2697 equo
508 2630 575 2676 hum
587 2622 699 2680 colligit,
711 2624 780 2668 alter
