1816 2956
94 161 152 208 562
449 165 535 206 cmls.

161 326 268 387 virginis
282 332 307 374 et
319 325 452 388 placidam
464 323 575 372 tenebris
589 329 695 385 captare
708 324 832 386 quietem,

161 415 262 462 inverso
275 412 392 460 bibulum
405 412 567 473 restinguens
580 412 667 460 lumen
682 412 762 471 olivo,

91 508 142 550 345
162 502 254 564 incipit
266 502 299 549 ad
313 500 468 563 crebrosque
481 500 565 549 insani
579 500 690 562 pectoris
703 499 772 549 ictus

162 590 227 639 ferre
240 604 355 649 manum,
372 589 486 638 adsiduis
499 589 615 639 mulcens
625 589 781 650 praecordia
790 589 886 652 palmis.

162 686 265 727 noctem
277 679 350 726 illam
362 678 400 726 sic
412 683 511 725 maesta
523 691 600 739 super
611 677 748 725 morientis
762 679 881 727 alumnae

162 768 298 830 frigidulos
312 766 398 815 cubito
413 765 524 815 subnixa
536 765 659 828 pependit
672 766 783 814 ocellos.

161 863 266 919 postera
278 857 324 903 lux
336 855 379 903 nbi
394 856 462 904 laeta
476 854 544 902 diem
558 853 711 902 mortalibus
724 855 827 904 almum

92 949 144 992 350
164 949 189 992 et
200 944 288 1006 gelida
301 945 445 993 venientem
457 943 545 1004 ignem
558 941 693 1006 quatiebat
706 943 739 992 ab
755 942 832 1002 Oeta,

163 1047 239 1095 quem
252 1033 361 1094 pavidae
374 1033 480 1081 alternis
493 1031 605 1096 fugitant
617 1037 763 1094 optantque
776 1034 879 1096 puellae

163 1120 327 1184 (Hesperium
339 1121 429 1180 vitant,
445 1127 537 1184 optant
548 1120 683 1169 ardescere
695 1119 806 1185 Eoum),

161 1210 304 1273 praeceptis
318 1217 391 1273 paret
404 1210 477 1271 virgo
490 1209 597 1257 nutricis
611 1217 636 1258 et
648 1222 742 1257 omnes

161 1299 276 1361 undique
290 1298 420 1361 conquirit
432 1298 545 1346 nubendi
559 1298 650 1347 sedula
666 1313 770 1348 musas.

92 1392 142 1436 355
163 1393 320 1450 temptantur
332 1387 431 1450 patriae
444 1385 577 1446 submissis
590 1386 696 1435 vocibus
710 1403 798 1448 aures,

163 1477 354 1539 laudanturque
366 1475 450 1524 bonae
463 1477 534 1538 pacis
548 1475 617 1524 bona
628 1492 635 1534 3
648 1476 749 1524 multus
763 1478 869 1542 ineptae

162 1565 269 1627 virginis
281 1565 387 1612 insolito
400 1577 484 1611 sermo
498 1579 579 1612 novus
592 1571 661 1612 errat
672 1564 700 1611 in
714 1580 770 1614 ore.

163 1669 231 1702 nunc
245 1661 351 1702 tremere
365 1653 484 1700 instantis
498 1653 560 1700 belli
575 1652 716 1701 certamina
731 1655 796 1702 dicit

162 1757 376 1805 communemque
390 1743 478 1790 timere
492 1743 576 1800 deum,
593 1756 662 1789 nunc
675 1744 745 1804 regis
760 1746 862 1803 amicis,

92 1838 143 1880 360
162 1833 266 1895 iamque
285 1832 333 1894 ipsi
352 1832 432 1880 verita
451 1838 503 1890 est,
526 1831 618 1878 orbum
634 1831 678 1879 flet
690 1840 794 1881 maesta
807 1847 891 1898 pareu-

464 1926 524 1978 tem,

163 2023 220 2056 curn
233 2008 293 2055 Iove
307 2023 455 2056 communes
469 2023 545 2070 quern
558 2023 605 2070 par
617 2008 650 2056 sit
662 2008 762 2060 habere
779 2018 889 2075 nepotes

162 2110 231 2143 nunc
245 2097 322 2145 etiam
336 2098 445 2145 conficta
459 2098 519 2145 dolo
533 2096 669 2145 mendacia
682 2100 752 2161 turpi

162 2184 258 2231 invenit
272 2193 296 2233 et
309 2186 395 2233 divum
409 2193 486 2234 terret
498 2185 634 2232 formidine
648 2185 727 2245 cives,

161 2287 231 2321 nune
244 2274 296 2322 alia
310 2289 341 2321 ex
356 2275 412 2321 aliis
426 2274 486 2336 (nee
500 2273 603 2336 desunt)
617 2273 706 2320 omina
721 2278 836 2337 quaerit.

92 2363 142 2406 365
163 2361 225 2423 quin
239 2362 315 2409 etiam
330 2370 413 2410 castos
427 2378 491 2411 ausa
505 2369 542 2410 est
555 2376 721 2424 corrumpere
736 2373 820 2424 vates,

162 2455 198 2508 ut,
215 2465 272 2497 cunr
286 2466 361 2499 caesa
374 2452 418 2514 pio
432 2451 566 2499 cecidisset
577 2450 682 2498 victima
695 2450 776 2511 ferro,

162 2546 247 2587 essent
260 2540 303 2601 qui
317 2554 440 2601 generum
453 2540 542 2588 Minoa
556 2538 705 2588 auctoribus
720 2543 789 2590 extis

43 2634 78 2776 Ι
162 2627 267 2690 iungere
281 2636 306 2676 et
319 2628 443 2691 ancipites
457 2628 595 2676 suaderent
607 2628 699 2676 tollere
712 2644 827 2692 pugnas.
