1816 2956
79 190 137 238 254
318 199 481 238 11111111
502 199 633 238 1111111111
693 207 701 216 ⁸

147 357 277 404 infindunt
289 357 385 420 pariter
397 357 482 404 sulcos
496 363 629 418 totumque
643 355 752 403 dehiscit

148 446 300 494 convolsum
311 444 389 492 remis
402 445 543 506 rostrisque
556 444 709 492 tridentibus
723 459 829 506 aequor.

147 540 266 582 nontam
279 533 431 596 praecipites
444 525 533 594 biiugo
547 535 686 582 certamine
699 549 821 596 campr.m

80 629 127 672 145
148 622 294 684 corripuere
307 630 435 685 ruontque
448 623 521 671 effusi
536 637 638 671 carcere
651 638 749 681 currus,

146 726 195 760 nec
207 711 244 760 sic
256 711 369 760 inmissis
382 712 488 773 aurigae
500 712 625 760 undantia
639 711 695 759 lora

148 815 300 850 concussere
314 801 381 863 iugis
394 801 521 864 pronique
534 800 561 848 in
574 800 679 848 verbera
692 800 814 862 pendent.

147 896 201 938 turn
215 891 307 953 plausu
320 890 474 952 fremituque
487 889 569 936 virum
586 889 729 951 studiisque
747 889 878 936 faventum

148 987 274 1028 consonat
286 994 363 1028 omne
376 994 466 1028 nemus
483 992 624 1040 vocemque
641 978 743 1026 inclusa
760 978 879 1027 volutant

79 1073 128 1117 150
148 1069 233 1127 litora,
251 1069 346 1131 pulsati
360 1068 440 1117 colles
454 1068 566 1116 clamore
580 1068 714 1115 resultant.

148 1158 238 1220 effugit
251 1165 310 1206 ante
322 1157 387 1206 alios
401 1157 540 1220 primisque
554 1156 664 1205 elabitur
676 1156 752 1202 undis

147 1246 250 1295 turbam
274 1247 341 1294 inter
365 1246 546 1307 fremitumque
569 1243 654 1306 Gyas,
682 1260 758 1307 quem
785 1244 878 1293 deinde

450 1333 593 1382 Cloanthus

148 1424 321 1487 consequitur,
337 1423 429 1471 melior
442 1423 528 1482 remis,
543 1423 587 1471 sed
602 1423 716 1485 pondere
729 1422 805 1485 pinus

147 1513 221 1562 tarda
234 1520 311 1561 tenet.
339 1519 398 1574 post
410 1512 457 1559 hos
471 1527 554 1574 aequo
569 1511 716 1559 discrimine
729 1511 819 1558 Pristis

81 1607 128 1650 155
150 1601 344 1663 Centaurusque
358 1601 444 1649 locum
457 1601 565 1649 tendunt
578 1605 700 1663 superare
712 1600 834 1662 priorem,

149 1698 174 1739 et
184 1705 253 1738 nunc
260 1690 350 1738 Pristis
362 1690 447 1750 habet,
463 1705 532 1738 nunc
544 1690 638 1738 victam
651 1689 774 1751 praeterit
786 1689 877 1750 ingens

149 1777 302 1838 Centaurus,
317 1794 386 1827 nunc
399 1794 451 1826 una
464 1779 555 1827 ambae
568 1779 713 1840 iunctisque
726 1778 844 1825 feruntur

148 1867 275 1915 frontibus
289 1874 314 1915 11
326 1868 406 1928 longa
418 1868 520 1916 sulcant
531 1868 597 1915 vada
610 1868 679 1915 salsa
693 1867 792 1916 carina.

148 1958 251 2019 iamque
275 1956 486 2018 propinquabant
507 1958 614 2019 scopulo
638 1963 786 2017 metamque
810 1962 878 2004 tenc-

449 2045 520 2106 bant,

80 2140 128 2183 169
149 2149 207 2183 cum
220 2134 339 2196 princeps
352 2135 490 2197 medioque
504 2133 572 2197 Gyas
586 2135 612 2182 in
625 2134 726 2195 gurgite
739 2133 822 2181 victor

147 2230 272 2271 rectorem
285 2223 357 2272 navis
371 2225 510 2287 compellat
521 2237 584 2272 voce
597 2223 750 2270 Menoeten:

146 2301 208 2374 ‘quo
222 2320 321 2360 tantum
334 2312 397 2360 mihi
412 2313 501 2361 dexter
513 2311 585 2360 abis?
598 2311 648 2359 huc
656 2311 738 2371 dirige
745 2324 878 2371 gressum3

148 2402 208 2449 litus
222 2417 281 2450 ama
294 2409 319 2450 et
331 2402 417 2450 laevas
430 2402 540 2463 stringat
552 2402 607 2449 sine
620 2401 736 2463 palmula
749 2408 855 2459 cautcs3

149 2492 229 2539 altum
243 2491 287 2538 alii
301 2482 423 2538 teneant'
448 2490 521 2547 dixit,
538 2489 582 2536 sed
597 2504 673 2537 caeca
685 2488 820 2536 Menoetes

80 2584 128 2627 165
149 2595 213 2629 saxa
226 2580 318 2627 timens
332 2594 435 2641 proram
447 2578 533 2641 pelagi
547 2578 683 2639 detorquet
697 2577 728 2624 ad
742 2578 838 2626 undas.

141 2659 202 2731 ‘quo
217 2669 335 2719 diuersus
349 2659 432 2717 abis‘r'
451 2657 622 2730 iterum‘pete
635 2681 706 2724 saxa,
721 2658 853 2716 Menoetc'
