1816 2956
65 105 125 153 504
303 112 329 152 P.
347 111 468 153 veneral
484 109 616 150 HARONIS

132 270 207 333 nigra
218 270 288 318 velut
300 283 409 331 magnas
422 267 520 316 domini
533 283 592 316 cum
604 267 691 316 divitis
705 268 787 317 aedes

132 359 248 422 pervolat
260 365 285 406 et
298 358 383 420 pinnis
397 357 450 405 alta
462 355 528 406 atria
540 357 633 404 lustrat
645 355 774 417 hirundo,

62 452 112 497 475
131 446 229 510 pabula
242 461 321 509 parva
333 447 423 508 legens
435 445 556 508 nidisque
568 445 727 508 loquacibus
742 461 825 505 escas

132 544 158 584 et
170 550 239 584 nunc
252 535 393 598 porticibus
407 534 504 594 vacuis,
520 548 589 582 nunc
600 533 692 582 umida
706 534 808 584 circum

131 631 225 686 stagna
237 630 321 682 sonat,
336 623 428 671 similis
441 623 540 671 medios
553 623 663 672 Iuturna
675 637 724 686 per
738 623 821 672 hostis

132 712 212 761 fertur
225 712 297 774 equis
310 712 453 774 rapidoque
465 711 555 760 volans
568 711 623 758 obit
636 711 731 759 omnia
744 727 829 769 curru,

131 801 235 864 iamque
248 801 290 848 hic
303 814 464 862 germanum,
485 799 590 863 iamque
602 799 645 848 hic
659 805 780 849 ostentat
792 814 858 849 ovan-

432 895 492 948 tem,

61 982 112 1026 480
133 993 179 1026 nec
192 976 308 1026 conferre
321 991 426 1024 manum
439 976 543 1040 patitur,
558 975 628 1023 volat
641 975 701 1024 avia
716 977 808 1040 longe.

131 1065 200 1114 haud
214 1065 298 1114 minus
311 1067 414 1113 Aeneas
427 1072 508 1113 tortos
520 1064 584 1126 legit
597 1063 688 1113 obvius
702 1067 784 1114 orbes

132 1155 290 1216 vestigatque
303 1155 385 1202 virum
398 1163 424 1202 et
436 1154 543 1202 disiecta
556 1167 601 1215 per
614 1153 726 1214 agmina
739 1169 836 1218 magna

131 1258 193 1292 voce
206 1250 288 1291 vocat.
316 1243 435 1305 quotiens
448 1242 539 1291 oculos
552 1241 665 1290 coniecit
677 1241 706 1289 in
720 1243 826 1293 hostem

132 1331 315 1394 alipedumque
328 1332 416 1393 fugam
430 1345 506 1378 cursu
519 1330 653 1392 temptavit
665 1344 809 1394 equorum,

61 1425 112 1468 485
133 1435 234 1468 aversos
248 1421 341 1468 totiens
355 1434 442 1468 currus
455 1419 563 1467 Iuturna
576 1419 689 1467 retorsit.

132 1509 191 1568 heu,
207 1509 269 1572 quid
284 1509 361 1570 agat?
385 1508 456 1555 vario
470 1508 627 1570 nequiquam
640 1508 757 1558 fluctuat
770 1518 838 1560 aestu

133 1598 297 1660 diversaeque
309 1605 403 1645 vocant
416 1597 531 1644 animum
544 1596 570 1643 in
584 1597 720 1646 contraria
735 1615 822 1649 curae.

133 1686 192 1734 huic
205 1687 347 1748 Messapus,
364 1686 400 1733 uti
414 1686 487 1733 laeva
500 1684 551 1732 duo
565 1682 630 1731 forte
643 1687 758 1744 gerebat

62 1869 113 1911 490
133 1864 224 1910 horum
237 1879 317 1911 unum
332 1872 400 1912 certo
414 1870 586 1925 contorquens
600 1861 692 1922 dirigit
703 1863 774 1914 ictu.

132 1776 210 1834 lenta,
226 1776 288 1822 leuis
302 1790 386 1833 cursu,
402 1774 515 1836 praelixa
529 1772 633 1820 hastilia
647 1773 729 1834 ferro,

132 1951 244 1999 substitit
257 1954 358 2000 Aeneas
372 1959 436 2000 etse
449 1950 555 2011 collegit
568 1949 592 1996 in
607 1963 690 2009 arma,
873 1792 883 2021 Ι

132 2039 229 2100 poplite
242 2039 393 2099 subsidens3
414 2040 515 2101 apicem
528 2046 613 2085 tamen
627 2038 710 2088 incita
724 2057 851 2092 summum
873 2039 881 2105 l

132 2127 206 2173 hasta
219 2128 277 2174 tulit
290 2143 455 2190 summasque
468 2127 580 2176 excussit
592 2126 688 2175 vertice
701 2131 808 2180 cristas.

131 2224 184 2262 tum
199 2230 257 2262 vero
271 2217 413 2278 adsurgunt
426 2217 487 2275 irae,
503 2215 656 2276 insidiisque
669 2217 810 2280 subactus,

61 2308 111 2350 495
132 2303 244 2350 diversos
258 2304 300 2351 ubi
314 2306 391 2352 sentit
405 2320 484 2367 equos
498 2318 652 2365 currumque
666 2304 772 2368 referri,

132 2392 212 2438 multa
224 2392 311 2440 lovem
324 2401 348 2440 et
362 2393 423 2441 laesi
437 2400 544 2442 testatus
558 2392 668 2440 foederis
683 2408 746 2444 aras

130 2480 181 2527 iam
196 2481 299 2528 taudem
312 2480 412 2548 invadit¹
423 2482 521 2529 medios
535 2489 560 2529 et
572 2481 654 2528 Marte
669 2487 792 2535 secundo

131 2568 252 2618 terribilis
266 2582 368 2616 saevam
381 2569 455 2617 nullo
469 2569 616 2618 discrimine
630 2571 742 2622 caedem

866 2608 896 2853 l
