1816 2956
254 174 423 216 enonereeu
441 175 528 215 mnus
541 178 584 216 111.
778 167 811 215 91

90 333 190 382 lenibus
204 333 355 381 horrescunt
367 333 453 381 flabris
467 348 633 396 summaeque
647 349 767 382 sonorem

43 428 71 471 l0
92 423 155 470 dunt
167 423 246 471 silvae
259 422 383 484 longique
396 431 506 484 urguent
519 425 551 471 ed
568 424 644 472 litora
656 424 763 481 fluetus3

90 511 135 560 ille
149 512 226 569 volet,
242 511 318 559 simul
330 526 391 559 urvs
401 511 471 572 fuga,
487 512 563 559 simul
577 527 691 575 aequora
704 525 814 572 verreps.

90 599 133 648 hie
146 601 184 648 vel
198 599 229 647 ud
243 600 299 648 Elei
313 607 393 648 metes
407 606 432 648 et
443 601 557 648 maxima
570 601 654 664 campi

90 687 193 735 sudabit
205 689 290 751 spatia
302 696 327 737 et
339 703 442 751 spumas
456 695 516 750 eget
529 704 573 737 ore
586 697 714 744 eruentes,

90 776 197 837 Belgica
209 777 249 824 vel
262 777 335 824 molli
349 778 440 825 melius
454 777 517 826 feret
530 779 619 826 esseda
632 779 709 826 eollo.

43 870 71 913 >5
92 873 147 912 tum
160 866 263 913 demum
277 881 363 914 erasse
375 881 499 928 magnum
513 866 640 928 farragine
654 882 747 929 eorpus

91 967 203 1002 creseere
216 955 268 1002 iam
282 955 385 1002 domitis
398 955 491 1003 sinito:
513 970 625 1018 namque
639 964 698 1003 unte
712 956 818 1002 domnn-

392 1044 454 1091 dum

90 1131 201 1193 ingentis
215 1132 307 1180 tollent
320 1132 419 1179 animos
433 1133 570 1195 prensique
584 1133 716 1194 negabunt

90 1219 196 1268 verbera
208 1221 278 1268 lenta
291 1221 343 1282 pati
358 1226 383 1268 et
396 1221 465 1268 duris
478 1236 568 1282 parere
581 1221 685 1285 lupatis.

126 1306 177 1356 Sed
191 1324 244 1357 nou
257 1309 311 1356 ullu
323 1310 405 1369 magis
419 1309 483 1357 vires
496 1310 623 1358 industria
636 1311 721 1358 firmet

43 1401 73 1444 l0
92 1412 170 1459 quam
183 1397 309 1446 Venerem
324 1405 349 1445 et
362 1398 432 1446 caeci
445 1399 563 1446 stimulos
583 1407 694 1447 avertere
712 1397 816 1454 amoris,

92 1486 144 1534 sive
158 1486 236 1533 boum
249 1487 302 1534 sive
316 1494 353 1534 est
366 1487 407 1534 eui
420 1488 517 1547 gratior
530 1499 591 1536 usus
605 1502 739 1550 equorum.

92 1582 168 1637 atque
181 1575 240 1623 ideo
253 1583 340 1623 muros
353 1577 443 1638 procul
458 1584 535 1639 etque
547 1577 573 1624 in
587 1577 643 1624 sela
656 1577 772 1637 relegant

91 1678 203 1725 pasena,
225 1672 284 1726 post
301 1672 414 1712 montem
432 1665 579 1727 oppositum
593 1673 617 1713 et
630 1673 699 1712 trans
713 1663 819 1712 flumine

393 1754 455 1812 lete,

92 1847 136 1888 eut
148 1841 216 1888 intus
230 1842 333 1889 clausos
346 1850 433 1889 saturn
447 1843 478 1890 ed
492 1844 628 1905 praesepia
640 1850 751 1890 servant.

43 1934 71 1977 15
92 1930 174 1992 carpit
187 1930 255 1978 enim
268 1931 332 1978 vires
345 1931 480 1993 paullatim
493 1932 594 1993 uritque
608 1931 718 1980 videndo

91 2018 187 2067 femine
218 2034 265 2067 nee
300 2034 433 2067 nemorum
463 2021 559 2082 patitur
595 2021 741 2068 meminisse
773 2034 819 2068 nee

392 2109 495 2157 herbae.

91 2196 209 2244 dulcibus
222 2197 268 2245 illa
282 2197 386 2259 quidem
400 2198 535 2246 inlecebris
549 2206 574 2247 et
587 2213 664 2261 saepe
677 2197 800 2260 superbos

91 2285 210 2333 cornibus
224 2285 291 2333 inter
303 2301 330 2334 se
343 2287 440 2348 subigit
452 2288 588 2335 decernere
602 2288 720 2335 amantis.

90 2374 204 2436 pascitur
216 2374 243 2420 in
257 2389 352 2436 magna
365 2373 421 2423 Sila
434 2377 548 2424 l'nrmosa
560 2377 682 2426 iuvenca:

43 2468 72 2510 20
91 2462 127 2510 illi
143 2463 299 2511 alternantes
313 2465 395 2512 multa
407 2465 430 2512 vi
445 2467 544 2528 proelia
556 2465 669 2514 miseent

89 2551 232 2598 uolneribus
245 2553 350 2613 crebris,
368 2555 433 2606 levit
447 2567 503 2609 ater
518 2573 637 2623 corpere
649 2553 777 2617 sungdxes

74 2648 195 2696 versuque
207 2640 234 2686 in
249 2642 369 2698 obnixos
383 2661 544 2717 urguentur
558 2664 676 2703 coruus.
687 2634 773 2694 resto
