1816 2956
112 149 173 200 060
471 157 558 199 emis.

181 317 302 378 effugere,
318 323 346 363 ut
358 316 448 365 sistam
461 316 568 365 exitium
580 315 685 364 crudele
698 317 836 365 meorum?

180 405 297 453 iamiam
311 420 358 453 nee
371 405 445 453 nobis
455 419 542 467 aequo
556 404 700 452 senioribus
714 405 798 452 ullum

179 494 263 541 vivere
277 493 312 540 uti
327 495 430 556 eupiunt
440 494 501 541 vivit
510 509 600 553 genus.
622 492 723 555 utquid
743 508 794 555 ego
806 509 871 543 amer

109 586 159 630 295
179 589 204 629 te
217 589 316 644 erepta,
329 598 344 630 o
357 582 515 639 Britomarti,
531 582 580 628 mei
595 596 656 644 spes
667 596 720 630 una
732 583 871 644 sepulchri,

179 677 212 729 te,
228 670 386 729 Britomarti,
403 671 471 718 diem
484 671 555 733 potui
568 670 711 732 producere
725 671 812 719 vitae?

179 767 256 821 atque
269 759 368 807 utinam
381 761 458 807 celeri
472 774 504 807 ue
517 766 617 807 tanturn
630 766 705 820 grata
718 759 823 809 Dianae

178 855 285 895 venatus
299 862 366 896 esses
380 848 451 909 virgo
465 855 563 896 sectata
574 848 696 906 virorum,

180 933 279 983 Gnosia
291 952 338 984 nee
351 937 447 985 Partho
461 937 619 985 contendens
632 936 733 998 spicula
746 952 830 986 cornu

107 1029 158 1072 300
178 1024 299 1072 Dictaeas
314 1040 402 1087 ageres
416 1027 447 1073 ad
461 1025 581 1086 gramina
593 1031 656 1073 nota
669 1025 803 1086 capellas:

178 1126 319 1175 numquam
332 1122 385 1161 tam
398 1114 493 1162 obnixe
506 1114 607 1175 fugiens
620 1113 716 1161 Minois
731 1129 835 1164 ainores

178 1216 299 1264 praeceps
312 1202 375 1250 aerii
388 1203 493 1264 specula
507 1203 538 1250 de
551 1202 645 1249 montis
659 1203 742 1251 iisses.

145 1305 150 1314 ·
178 1291 245 1338 unde
259 1291 303 1339 alii
316 1291 413 1351 fugisse
426 1291 511 1338 ferunt
524 1297 549 1339 et
561 1292 669 1339 numina
681 1291 811 1353 Aphaeae

177 1379 282 1439 virginis
295 1380 441 1440 adsignant,
458 1380 512 1438 alii,
528 1394 580 1441 quo
593 1381 679 1426 notior
693 1395 773 1439 esses,

107 1472 156 1514 305
177 1467 333 1529 Dictynnam
347 1468 434 1515 dixere
448 1476 491 1514 tue
506 1468 537 1516 de
551 1469 656 1516 nomine
669 1469 771 1517 lunam.

177 1556 228 1603 sint
241 1557 305 1605 haee
319 1572 377 1605 vera
390 1557 482 1604 velim:
504 1557 566 1603 mihi
581 1564 657 1614 certe,
673 1564 745 1615 nata,
762 1559 863 1620 peristi.

177 1661 319 1707 numquam
345 1661 392 1707 ego
418 1654 442 1693 to
466 1659 567 1692 summo
592 1645 744 1692 volitantem
770 1647 798 1693 in
819 1655 871 1695 vert

478 1734 572 1781 montis

176 1824 309 1885 Hyrcanos
323 1824 389 1871 inter
403 1823 508 1871 comites
522 1836 667 1884 agmenque
680 1822 798 1872 serarum

176 1913 334 1973 conspiciam
348 1928 395 1960 nec
409 1921 432 1959 te
445 1913 594 1959 redeuntem
608 1911 729 1971 amplexa
744 1913 852 1961 tenebo.

105 2005 156 2047 310
177 2015 263 2047 verum
276 1999 340 2047 haee
354 2009 407 2047 tum
421 2015 472 2046 non
483 1999 871 2062 sicgraviaatqueindignafne

176 2096 238 2144 tum,
254 2101 312 2135 inea
325 2089 439 2146 alumna,
455 2089 491 2135 tui
506 2104 563 2136 eum
577 2103 634 2150 spes
648 2088 752 2148 integra
766 2106 871 2140 moriere

176 2183 200 2223 et
213 2191 261 2221 vox
276 2176 324 2223 ista
337 2192 407 2224 meas
422 2178 537 2224 nondum
550 2177 691 2223 violaverat
703 2192 792 2226 aures.

175 2274 232 2310 tene
246 2265 323 2311 etiarn
337 2265 450 2314 Fortuna
464 2266 526 2313 mihi
541 2266 652 2313 erudelis
666 2265 776 2325 ademit,

174 2360 240 2410 tene,
257 2354 340 2399 osola
354 2368 426 2401 meae
439 2354 539 2401 vivendi
554 2369 632 2403 causa
649 2357 792 2404 senectae?

104 2444 154 2486 315
175 2456 251 2502 saepe
265 2450 308 2489 tuo
323 2442 391 2490 dulci
405 2443 563 2505 nequiquam
577 2451 653 2504 capta
665 2457 772 2504 sopore,

174 2545 232 2577 eum
246 2539 372 2593 premeret
385 2538 485 2589 natura,
502 2531 567 2578 mori
580 2546 621 2578 me
634 2531 699 2579 velle
713 2535 821 2594 negari,

63 2630 103 2780 ι
174 2627 202 2667 ut
215 2620 259 2667 tibi
274 2619 384 2682 Corycio
397 2621 569 2681 glomeratam
582 2620 702 2668 flammea
716 2620 784 2670 lut0.
