1816 2956
278 187 447 228 ouoaorcon
464 188 551 228 arnan
565 189 606 228 ιιι.
801 181 838 229 85

113 343 205 406 Cocyti
219 351 316 394 metuet
328 351 461 409 tortosque
474 345 572 393 Ixionis
586 347 678 407 anguis

111 433 295 496 inmanemque
308 440 391 482 rotam
404 441 429 482 et
441 449 493 482 non
508 434 673 497 exuperabile
686 450 784 482 saxum.

59 528 91 569 40
112 500 211 570 interea
224 521 349 584 dryadum
362 523 438 570 silvas
451 524 582 586 saltusque
596 538 735 586 sequamur

111 611 232 668 intactos,
248 617 301 669 tua,
316 611 462 670 Maecenas,
478 611 546 659 haud
561 613 651 660 mollia
663 613 741 660 iussa.

112 709 136 746 tc
149 699 205 746 sine
218 699 254 747 nil
268 700 349 748 altum
361 714 434 748 mens
446 700 568 749 incohat:
590 716 622 749 en
635 715 691 762 age,
707 700 793 762 segnis

110 802 201 849 rumpe
214 802 316 847 moras3
336 795 412 837 vocat
424 789 523 850 ingenti
536 790 648 837 clamore
662 788 803 837 Cithaeron

110 875 272 938 Taygetique
286 874 362 926 canes
376 878 549 940 domitrixque
556 878 701 940 Epidaurus
713 892 838 939 equorum

57 971 89 1012 45
110 972 136 1012 et
148 980 199 1012 vox
212 965 322 1013 adsensu
335 981 469 1014 nemorum
482 966 641 1027 ingeminata
653 967 772 1028 remugit.

110 1069 172 1101 mox
185 1060 271 1102 tamen
285 1055 402 1103 ardentes
416 1055 537 1116 accingar
551 1055 635 1103 dicere
648 1069 749 1116 pugnas

110 1141 230 1190 Caesaris
243 1150 267 1190 et
281 1157 374 1190 nomen
388 1143 458 1190 fama
470 1150 508 1191 tot
520 1144 585 1192 forre
598 1158 644 1205 per
657 1157 739 1190 annos

109 1230 216 1278 Tithoni
231 1230 314 1293 prima
327 1239 390 1294 quot
403 1232 475 1281 abest
488 1232 519 1280 ab
533 1232 632 1294 origine
647 1231 751 1280 Caesar.

145 1318 197 1367 Seu
210 1319 267 1382 quis
280 1319 448 1383 Olympiacae
460 1321 566 1368 miratus
579 1321 694 1382 praemia
706 1321 807 1383 palmae

57 1414 87 1456 50
108 1409 192 1471 pascit
205 1421 283 1470 equos
298 1423 341 1456 scu
356 1408 413 1470 quis
427 1409 499 1456 fortis
513 1410 545 1457 ad
559 1417 644 1457 aratra
656 1409 786 1468 iuvencos,

108 1512 219 1560 corpora
231 1498 369 1560 praecipue
382 1505 492 1545 matrum
505 1498 583 1558 legat.
611 1498 709 1560 optima
721 1504 808 1546 torvae

107 1586 192 1634 forma
204 1585 284 1644 bovis,
301 1586 341 1634 cui
356 1593 429 1648 turpe
443 1593 528 1648 eaput,
544 1587 584 1634 cui
599 1587 708 1648 plurima
721 1587 815 1645 cervix,

107 1681 133 1723 et
145 1689 248 1723 crurum
261 1682 334 1723 tenus
348 1690 364 1722 a
376 1682 462 1722 mento
476 1675 590 1737 palearia
602 1677 729 1737 pendent3

106 1771 162 1812 tum
174 1761 254 1825 longo
268 1765 353 1810 nullus
367 1764 441 1812 lateri
455 1763 563 1823 modus3
582 1765 670 1812 omnia
682 1779 787 1826 magna,

57 1858 85 1901 55
106 1867 151 1915 pes
164 1852 257 1911 etiam3
278 1860 303 1900 et
316 1854 426 1900 camuris
439 1853 522 1900 hirtae
535 1853 582 1900 snb
597 1853 717 1901 cornibus
731 1867 814 1900 aures.

106 1956 153 1990 nec
166 1941 228 1988 mihi
243 1942 379 2004 displiceat
391 1942 500 1989 macnlis
514 1942 622 2003 insignis
636 1950 661 1990 ct
674 1942 742 2000 albo,

106 2037 150 2078 aut
163 2031 225 2092 iuga
238 2031 383 2078 detractans
397 2030 576 2091 interdumque
590 2045 682 2093 aspera
695 2046 775 2079 cornu

105 2125 131 2167 et
144 2118 236 2166 faciem
249 2125 323 2166 tauro
336 2119 450 2180 propior,
467 2133 584 2180 quaeque
598 2119 679 2167 ardua
692 2127 746 2168 tota

105 2214 131 2256 et
142 2208 263 2269 gradiens
276 2208 329 2254 ima
341 2208 418 2255 verrit
430 2207 537 2268 vestigia
551 2208 642 2255 cauda.

57 2302 84 2344 30
105 2304 176 2344 aetas
190 2295 317 2344 Lucinam
331 2296 463 2358 iustosque
475 2296 528 2358 pati
543 2295 697 2358 hymenaeos

105 2385 200 2434 desiuit
212 2392 271 2432 ante
285 2385 381 2444 decern,
396 2392 455 2447 post
468 2392 589 2446 quattuor
602 2385 692 2447 incipit
706 2399 803 2442 annos3

104 2482 190 2523 cetera
203 2489 250 2521 nec
263 2473 361 2520 feturae
374 2472 468 2520 habilis
482 2487 529 2522 nec
542 2473 616 2522 fortis
629 2473 734 2523 aratris.

100 2564 204 2616 interea,
219 2568 324 2621 superat
332 2562 460 2625 gregibus
474 2565 540 2616 dum
552 2567 628 2618 laeta
639 2567 780 2624 iuventas,

82 2646 127 2690 sol
128 2658 155 2689 re
165 2659 250 2693 [ΜΝΞ
258 2665 268 2706 i
289 2650 366 2701 mitte
379 2655 405 2702 in
426 2657 566 2712 Venerem
583 2659 725 2728 pecuaria
737 2653 856 2723 primas
