1816 2956
248 199 396 238 tsnnmos
420 199 507 237 amun
524 199 564 238 iv.
743 191 804 239 243

78 354 148 403 adsis
162 369 177 402 o
190 355 360 419 placidusque
372 355 442 403 iuves
456 363 482 403 et
494 356 579 404 sidera
591 356 664 404 caelo

78 445 169 493 dextra
182 436 268 493 seras'
293 445 359 492 dixit
370 445 516 506 vaginaque
530 444 606 507 eripit
618 459 706 492 ensem

29 537 59 582 30
78 532 231 580 fulmineum
244 533 384 595 strictoque
397 532 457 580 serit
468 533 611 581 retinacula
623 533 700 581 ferro.

77 621 320 670 idemomnissimul
328 621 496 679 ardorhabm,
506 622 804 686 rapiuntqueruontque,

78 712 155 761 litora
168 712 310 770 deseruere,
327 710 390 758 latet
401 710 448 758 sub
462 711 588 759 classibus
601 726 708 774 aequor,

77 801 167 848 adnixi
180 806 302 863 torquent
314 814 418 862 spumas
432 807 458 847 et
470 801 574 848 caerula
586 806 697 848 verrunt.

111 889 209 937 Etiam
221 889 305 951 prima
318 903 384 936 novo
398 889 536 951 spargebat
548 889 645 937 lumine
659 896 740 937 terras

29 982 58 1027 ³5
77 977 184 1026 Tithoni
198 991 317 1026 croceum
330 977 450 1040 linquens
463 978 567 1026 Aurora
580 977 673 1026 cubile.

76 1068 167 1129 regina
181 1081 194 1115 e
207 1067 318 1129 speculis
332 1074 361 1113 ut
373 1067 484 1128 primum
497 1067 627 1115 albescere
641 1066 725 1114 lucem

76 1156 141 1203 vidit
153 1164 179 1204 et
192 1155 307 1218 aequatis
322 1157 430 1204 classem
442 1157 582 1219 procedere
595 1153 657 1204 velis

76 1244 204 1307 litoraque
218 1251 242 1293 et
254 1259 348 1293 vacuos
361 1245 441 1292 sensit
453 1244 508 1291 sine
521 1245 617 1305 remige
631 1250 729 1306 portus,

76 1339 166 1396 terque
179 1339 321 1395 quaterque
334 1347 413 1380 manu
426 1340 514 1395 pectus
528 1348 649 1395 percussa
663 1333 785 1381 decorum

29 1427 56 1471 lo
76 1418 244 1484 flaventisque
258 1421 372 1469 abscissa
385 1435 473 1470 comas
482 1412 542 1484 ‘pre
554 1423 678 1484 Iuppiter,
694 1422 742 1469 ibit

76 1501 128 1558 hic’
140 1509 177 1557 ait
185 1499 223 1558 ‘et
234 1510 328 1558 nostris
342 1510 460 1558 inluserit
472 1511 571 1558 advena
583 1509 688 1572 regnis?

76 1612 130 1645 uon
144 1613 216 1646 arma
229 1599 366 1662 expedicnt
379 1605 485 1662 totaque
499 1613 531 1647 ex
544 1598 606 1646 urbe
619 1604 758 1660 sequentur

77 1686 256 1750 deripientque
269 1695 335 1736 rates
349 1688 393 1735 alii
407 1687 559 1736 navalibus?
578 1688 621 1745 ite,

75 1775 140 1824 ferte
154 1776 196 1824 citi
209 1776 335 1834 flammas,
352 1777 411 1824 date
424 1777 484 1833 tela,
500 1776 616 1837 inpellite
629 1775 728 1823 remos!

28 1869 54 1913 ³5
76 1864 139 1927 quid
152 1864 262 1927 loquor?
281 1873 325 1913 aut
342 1865 386 1912 ubi
399 1865 473 1912 sum?
493 1878 559 1925 quae
578 1872 691 1912 mentem
703 1864 807 1912 insania

378 1952 476 2001 mutat?

75 2041 168 2089 infelix
179 2041 259 2100 Dido,
275 2056 345 2090 nunc
358 2050 382 2090 te
397 2042 465 2089 facta
478 2041 557 2103 impia
570 2041 698 2103 tangunt?

76 2130 233 2190 tumdecuit,
250 2145 309 2178 curn
321 2129 519 2193 sceptradabas.
536 2143 567 2178 en
576 2131 667 2178 dextra
679 2130 803 2194 fidesque,

76 2233 154 2280 quem
167 2233 254 2268 secum
266 2219 363 2282 patrios
378 2219 451 2266 aiunt
463 2226 567 2281 portare
580 2226 695 2281 penates,

76 2322 152 2370 quem
165 2308 275 2356 subiisse
287 2307 382 2355 umeris
400 2307 547 2356 consectum
564 2315 648 2356 aetate
660 2316 803 2370 parentem.

29 2401 55 2446 >0
75 2380 129 2443 non
142 2397 215 2459 potui
230 2396 365 2459 abreptum
378 2396 498 2445 divellere
512 2412 605 2459 corpus
619 2404 644 2445 et
657 2397 733 2444 undis

75 2498 206 2546 spargere,
221 2499 274 2532 non
288 2485 381 2543 socios,
397 2499 450 2532 non
463 2485 548 2548 ipsum
562 2485 696 2533 absumere
708 2485 776 2533 ferro

74 2573 218 2621 Ascanium
231 2574 373 2637 patriisque
387 2574 545 2636 epulandum
560 2588 656 2636 ponere
669 2574 783 2622 mensis?

74 2675 164 2710 verum
176 2677 271 2724 anceps
282 2676 388 2725 pugnae
401 2661 487 2712 luerat
499 2663 619 2714 lertuna.
644 2662 761 2710 luisset.

604 2749 618 2794 l
627 2738 667 2794 b*
