1816 2956
269 183 416 222 snuninos
435 184 522 224 nisan
538 185 593 224 xu.
770 174 828 222 521

45 347 86 388 ³15
107 323 239 387 vertuntur
251 342 322 388 rarii.
351 342 460 388 Rutulos
475 341 609 403 adspectat
620 348 646 388 et
658 341 747 389 urbem

108 438 293 491 cunctaturque
307 437 375 477 metu
390 430 521 491 telumque
534 430 629 478 instare
642 430 770 478 tremescit

106 533 153 566 nec
167 533 218 581 quo
232 533 260 566 se
273 518 365 580 eripiat
377 532 425 565 nec
436 507 490 579 'qua
504 518 526 564 vi
541 519 629 566 tendat
641 519 667 566 in
682 519 781 568 hostem

104 622 152 656 nee
165 622 255 656 currus
269 621 379 668 usquam
392 606 462 653 videt
473 605 642 668 aurigamque
654 622 777 656 sororem.

105 696 235 744 cunctanti
250 696 329 743 telum
342 695 445 743 Aeneas
458 694 536 743 letale
550 702 675 752 coruscat,

46 789 85 831 ›20
104 785 209 831 sortitus
222 785 352 831 fortunam
366 783 457 842 oculis,
473 791 498 831 et
511 797 619 845 corpore
632 790 686 831 toto

105 872 204 919 eminus
218 872 358 934 intorquet.
386 871 479 919 murali
493 873 595 920 concita
608 887 749 934 numquam

105 967 232 1007 tormento
245 961 282 1008 sic
295 975 359 1007 saxa
372 960 484 1007 fremunt
496 975 544 1008 nee
557 960 665 1009 fulmine
678 961 742 1008 tanti

104 1048 242 1095 dissultant
255 1049 377 1111 crepitus.
403 1050 474 1097 volat
487 1049 534 1096 atri
548 1049 657 1096 turbinis
671 1049 753 1097 instar

103 1136 209 1183 exitium
224 1137 308 1184 dirum
321 1137 395 1185 hasta
408 1137 491 1185 ferens
505 1152 615 1200 orasque
627 1139 738 1187 recludit

51 1230 83 1271 25
104 1225 200 1272 loricae
218 1232 243 1273 et
255 1225 330 1288 clipei
345 1234 472 1274 extremos
486 1227 660 1289 septemplicis
673 1225 756 1274 orbes.

102 1328 148 1376 per
160 1315 273 1362 medium
287 1314 396 1362 stridens
411 1315 501 1363 transit
514 1315 605 1363 lemur.
632 1315 723 1364 incidit
735 1315 800 1364 ictus

102 1403 193 1463 ingens
208 1404 239 1451 ad
254 1412 347 1451 terram
361 1404 605 1467 duplicato'poplite
618 1404 729 1452 Turnus.

102 1500 262 1553 consurgunt
274 1493 372 1554 gemitu
384 1492 473 1540 Rutuli
487 1500 607 1556 totusque
619 1494 731 1555 remugit

101 1596 175 1628 mons
189 1582 285 1629 circum
300 1588 324 1629 et
336 1597 425 1630 vocem
438 1583 490 1630 late
503 1597 610 1631 nemora
623 1583 676 1629 alta
688 1583 827 1631 remittunt.

48 1674 82 1716 ³0
102 1670 146 1718 ille
166 1670 270 1718 humilis
295 1671 456 1734 supplexque
475 1672 565 1718 oculos
585 1671 754 1734 dextramque
774 1687 829 1734 pre·

403 1766 504 1807 cantem

101 1847 257 1908 protendens
269 1847 398 1910 ‘equidem
412 1849 501 1906 merui,
523 1863 570 1896 nec
583 1840 715 1912 deprecor'
728 1849 826 1911 inquit:

97 1924 179 1983 ‘utere
193 1943 261 1984 sorte
274 1945 326 1984 tua.
354 1936 440 1984 miseri
455 1944 479 1984 te
492 1938 567 1999 siqua
580 1938 692 1999 parentis

102 2031 208 2086 tangere
222 2039 283 2072 cura
296 2031 388 2087 potest,
405 2039 450 2072 oro
465 2025 525 2087 (suit
538 2033 563 2073 et
575 2025 619 2073 tibi
635 2027 692 2073 talis

99 2113 226 2162 Anchises
239 2113 361 2175 genitor),
377 2113 464 2161 Dauni
479 2115 598 2162 miserere
611 2122 730 2163 senectae

48 2206 78 2249 35
99 2210 124 2249 et
136 2216 186 2259 me,
202 2216 246 2249 seu
261 2216 352 2264 corpus
366 2202 506 2263 spoliatum
520 2202 617 2251 lumine
630 2204 718 2262 mavis,

98 2291 176 2338 redde
189 2290 263 2338 meis.
291 2290 372 2338 vicisti
388 2297 413 2339 et
424 2291 519 2340 vietum
533 2292 637 2339 tendere
651 2293 750 2354 palmas

96 2378 209 2425 Ausonii
222 2379 323 2437 videre;
344 2386 389 2425 tua
402 2386 440 2427 est
452 2379 561 2428 Lavinia
575 2380 701 2427 coniunx:

97 2466 205 2513 ulterius
218 2481 250 2515 ne
264 2468 340 2515 tende
354 2460 442 2515 odiis.'
466 2469 535 2516 stetit
549 2483 608 2516 acer
620 2470 646 2516 in
661 2470 738 2517 armis

96 2554 208 2614 Aeneas,
223 2557 326 2603 volvens
341 2556 439 2615 oculos,
456 2558 624 2619 dextramque
637 2559 772 2620 repressit3

49 2647 76 2690 to
96 2651 121 2691 et
133 2644 186 2691 iam
199 2644 302 2707 iamque
315 2645 397 2706 magis
411 2654 575 2695 cunctantem
588 2647 689 2694 flectere
701 2661 785 2696 sermo
