1816 2956
86 156 147 205 430
326 168 352 219 r.
369 166 641 209 vanarnautunurs

156 324 262 391 agmina
270 331 433 385 ,concurrunt
445 324 643 387 ducibusqueet
654 325 752 375 viribus
766 329 866 391 aequis.

157 413 265 461 extremi
280 414 422 461 addensent
434 414 502 463 acies
516 428 564 462 nec
577 413 652 462 turba
664 416 763 465 moveri

158 502 209 550 tola
221 516 364 567 manusque
378 503 446 550 sinit.
475 502 536 551 hinc
548 503 636 551 Pallas
654 503 772 562 instatet
784 515 884 568 urguet,

157 589 218 639 hinc
231 598 321 640 contra
334 591 444 650 Lausus,
460 606 507 640 nec
519 592 630 639 multum
643 592 775 655 discrepat
788 603 867 655 actas,

87 684 137 728 435
158 680 253 742 egregii
267 680 366 739 forma3
380 681 424 728 sed
438 680 495 742 quis
508 680 622 729 Fortuna
635 689 745 742 negarat

157 770 183 835 in
197 769 308 832 patriam
321 769 426 816 reditus.
454 769 524 831 ipsos
538 783 690 818 concurrere
704 786 796 832 passus

157 858 226 907 haud
240 865 325 906 tamen
339 858 406 906 inter
418 872 445 906 se
458 858 546 921 magni
560 866 681 920 regnator
695 858 817 924 Olympi:

158 962 219 995 mox
231 947 291 995 illos
304 962 352 995 sua
364 946 417 996 fata
429 952 535 995 manent
547 948 645 996 maiore
658 947 705 995 sub
719 948 805 998 hoste.

192 1037 295 1084 Interea
307 1050 381 1084 soror
393 1037 464 1085 alma
475 1042 564 1084 monet
577 1037 714 1085 succedere
727 1037 820 1088 Lauso
849 1084 853 1090 .

87 1131 138 1173 440
157 1125 283 1184 Turnum,
299 1125 343 1188 qui
356 1125 453 1173 volucri
468 1139 543 1172 curru
556 1118 670 1173 medium
682 1134 755 1175 secat
768 1143 871 1189 agmen.

158 1222 187 1263 ut
198 1215 262 1279 vidit
274 1215 369 1273 socios,
380 1204 491 1276 ‘tempus
506 1213 626 1262 desistere
640 1229 753 1276 pugnae.

158 1305 229 1358 solus
242 1318 292 1365 ego
304 1303 331 1350 in
344 1303 465 1351 Pallanta
478 1302 554 1362 soror,
570 1303 619 1350 soli
632 1303 696 1350 mihi
710 1303 801 1354 Pallas

159 1392 275 1458 debetur.
303 1406 423 1454 cuperem
435 1391 490 1453 ipse
502 1405 594 1453 parens
607 1399 737 1454 spectator
750 1388 874 1445 adesset'
901 1452 905 1475 ι

159 1483 224 1530 haec
237 1482 281 1542 ait,
297 1489 322 1530 et
334 1480 398 1529 socii
412 1487 543 1528 cesserunt
555 1495 667 1543 aequore
679 1481 760 1529 iusso.
902 1484 905 1493 '

88 1577 138 1620 445
159 1578 186 1619 at
197 1571 323 1618 Rutulum
336 1568 457 1618 abscessu
470 1569 567 1617 iuvenis
582 1577 645 1627 tum,
660 1569 732 1617 iussa
745 1575 861 1634 superba

158 1661 274 1721 miratus,
290 1666 375 1721 stupet
387 1658 414 1704 in
427 1658 516 1705 Turno
531 1672 675 1719 corpusque
688 1673 736 1720 per
749 1660 847 1722 ingens

158 1751 258 1799 lumina
270 1748 349 1796 volvit
361 1747 466 1808 obitque
480 1747 544 1794 truci
558 1747 648 1809 procul
662 1747 753 1795 omnia
766 1750 835 1810 visu,

159 1839 252 1888 talibus
267 1845 292 1899 et
305 1837 379 1885 dictis
392 1835 413 1883 it
426 1843 516 1883 contra
529 1836 597 1883 dicta
614 1835 724 1897 tyranni.

155 1919 212 1976 ‘aut
224 1927 314 1989 spoliis
328 1940 376 1986 ego
390 1926 442 1972 iarn
455 1925 535 1986 raptis
548 1924 675 1972 laudabor
688 1924 784 1986 opimis

89 2024 139 2067 450
160 2025 205 2065 aut
217 2017 268 2064 leto
282 2015 386 2075 insigni.
416 2014 478 2061 sorti
491 2020 564 2075 pater
577 2028 653 2061 aecus
666 2012 807 2074 utriquest.

160 2107 222 2154 tolle
235 2095 337 2152 minas.'
363 2103 429 2150 fatus
442 2102 556 2150 modium
570 2102 686 2164 procedit
698 2102 725 2148 in
741 2119 856 2167 aequor.

159 2194 267 2256 frigidus
281 2192 427 2241 Arcadibus
441 2191 493 2241 coit
505 2191 532 2238 in
545 2191 698 2253 praecordia
710 2196 835 2253 sangnis.

160 2283 263 2331 desiluit
275 2282 377 2330 Turnus
391 2281 495 2342 biiugis,
512 2281 589 2343 pedes
604 2286 712 2342 apparat
725 2280 763 2328 ire

160 2372 312 2430 comminus,
329 2378 408 2432 utque
422 2370 473 2428 leo,
489 2370 595 2431 specula
608 2384 666 2416 cum
679 2368 744 2415 vidit
757 2370 792 2418 ab
808 2375 866 2423 alta
902 2415 903 2427 ,

90 2467 140 2511 455
161 2468 228 2510 stare
241 2459 332 2523 procul
347 2458 444 2519 campis
458 2458 624 2505 meditantem
634 2458 891 2518 inproeliataururn.

161 2550 273 2608 advolat,
289 2547 358 2595 haud
373 2547 425 2593 alia
439 2553 476 2592 est
487 2546 568 2593 Turni
581 2546 705 2593 venientis
719 2546 824 2610 imago.

155 2641 228 2691 hunc
242 2636 287 2688 nbi
301 2636 450 2701 contiguum
464 2635 557 2684 missae
570 2635 624 2683 fore
638 2634 749 2684 credidit
762 2636 870 2701 hastae,
906 2692 908 2697 ⁴

41 2702 93 2782 h
