1816 2956
296 190 444 230 Annnrnos
464 191 551 231 Lissa
567 193 587 233 1.
780 187 837 234 131

62 353 96 394 40
115 347 239 409 Argivom
253 355 330 410 atquo
342 348 411 410 ipsos
424 347 508 410 potuit
520 348 684 411 submergere
697 358 787 414 ponto,

115 437 190 484 unius
204 436 236 483 ob
250 451 346 483 noxam
358 443 384 484 et
396 437 474 484 furias
487 436 576 485 Aiacis
591 437 677 487 Oilei?

114 525 171 587 ipsa
183 525 250 572 Iovis
263 525 382 587 rapidum
394 525 509 573 iaculata
521 540 535 573 e
546 525 658 575 nubibus
672 527 759 590 ignem

115 613 265 675 disiecitque
278 619 345 661 rates
359 613 499 675 evertitque
512 628 625 676 aequora
637 617 728 676 ventis,

114 701 188 749 illum
202 702 362 764 expirantem
375 702 499 749 transfixo
513 710 617 765 pectore
629 704 746 753 flammae

61 795 94 838 45
115 791 217 839 turbine
230 791 354 854 corripuit
366 791 527 854 scopuloque
540 792 624 840 infixit
637 801 728 842 acuto:

115 886 154 926 ast
167 893 224 940 ego,
240 895 307 942 quae
321 879 407 928 divom
419 880 512 928 incedo
526 881 625 942 regina,
640 881 760 945 lorisque

115 975 140 1015 et
152 983 226 1016 soror
239 975 264 1016 et
277 969 399 1027 coniunx,
415 983 467 1016 una
480 984 538 1016 cum
551 976 627 1031 gente
640 975 679 1016 tot
691 985 773 1018 annos

115 1057 185 1104 bella
197 1071 268 1118 gero.
300 1064 325 1105 et
338 1057 476 1119 quisquam
488 1071 583 1105 numen
596 1057 704 1106 Iunonis
717 1059 809 1106 adorat

114 1152 247 1208 praeterea
260 1152 304 1193 aut
316 1145 426 1208 supplex
439 1144 490 1193 aris
502 1145 610 1208 inponet
622 1138 774 1194 honoreml’

62 1240 95 1284 50
131 1238 133 1242 ”
150 1235 227 1282 Talia
238 1235 369 1282 flammato
382 1249 469 1282 secum
483 1235 531 1283 dea
543 1235 620 1283 corde
633 1236 751 1283 volutans

115 1323 262 1371 nimborum
274 1323 301 1370 in
314 1323 432 1385 patriam,
448 1324 507 1370 loca
519 1322 571 1371 feta
583 1323 726 1372 furentibus
740 1324 841 1382 austris,

116 1411 236 1495 Aeolipm
249 1411 326 1460 venit.
353 1411 395 1459 hic
408 1419 480 1459 vasto
493 1426 538 1459 rex
551 1412 649 1460 Aeolus
663 1418 737 1460 antro

117 1502 242 1549 luctantes
255 1507 344 1548 ventos
358 1506 573 1562 tempestatesque
586 1514 693 1548 sonoras

116 1590 224 1654 imperio
237 1588 331 1652 premit
343 1604 373 1637 ac
385 1588 477 1636 vinclis
490 1595 516 1637 et
528 1603 630 1637 carcere
643 1588 734 1637 frenat.

63 1685 95 1728 55
116 1680 154 1727 illi
167 1678 331 1740 indignantes
345 1691 440 1738 magno
453 1692 512 1725 cum
525 1692 654 1726 murmure
666 1677 762 1725 montis

116 1769 212 1818 circum
225 1768 337 1816 claustra
349 1766 477 1825 fremuut3
492 1766 561 1814 celse
574 1767 645 1814 sedet
657 1765 755 1814 Aeolus
768 1781 827 1814 arce

116 1864 216 1920 sceptra
228 1863 319 1904 teneus
332 1855 467 1917 mollitque
480 1855 579 1902 animos
598 1861 623 1902 ct
640 1861 765 1917 temperat
781 1853 841 1902 iras.

116 1945 142 1992 ni
155 1945 241 2003 faciat,
257 1945 340 1992 maria
352 1960 383 1992 ac
396 1950 475 1992 terras
490 1943 641 2005 caelumque
654 1943 811 2005 profundum

116 2034 212 2096 quippe
225 2033 309 2082 ferant
320 2033 405 2096 rapidi
418 2047 506 2080 secum
518 2038 672 2093 verrantque
689 2024 735 2094 per
751 2046 843 2079 aures:

62 2128 95 2171 60
115 2123 159 2170 sed
173 2129 246 2184 pater
259 2121 422 2184 omnipotens
435 2120 565 2183 speluncis
579 2121 678 2169 abdidit
691 2121 761 2180 atris,

115 2211 166 2260 hoc
178 2219 303 2270 metuens,
319 2211 467 2272 molemque
480 2216 505 2258 et
518 2218 617 2258 montes
630 2210 736 2272 insuper
749 2209 816 2257 altos

114 2301 230 2363 inposuit
242 2314 381 2361 regemque
394 2299 465 2347 dedit
478 2299 521 2361 qui
536 2299 638 2347 loedere
652 2306 722 2347 certo

114 2396 140 2437 et
152 2402 267 2452 premere
280 2396 306 2436 et
317 2389 390 2435 laxas
403 2389 480 2436 sciret
492 2389 554 2435 darc
567 2388 651 2434 iussus
665 2387 788 2435 habenas.

114 2479 147 2526 ed
161 2493 238 2539 quem
251 2484 305 2524 tum
317 2477 383 2524 Iuno
396 2477 506 2540 supplex
519 2476 558 2524 his
571 2475 676 2524 vocibus
690 2480 769 2522 usast.

61 2572 93 2615 65
147 2557 255 2624 ‘Aeole‚
280 2580 393 2628 nemque
411 2565 456 2613 tibi
474 2566 560 2613 divom
578 2571 652 2626 pater
669 2568 747 2624 etque
764 2560 846 2609 homi-

414 2668 476 2702 num
483 2668 529 2704 ΥθΧ

660 2737 676 2784 (3
685 2728 702 2757 *lt-
