1816 2956
60 171 122 222 484
153 181 180 220 Ρ.
197 178 318 219 venenu
334 174 466 219 nanoms
482 173 630 220 nanetnos
648 172 709 215 em.
726 172 771 216 x1.

61 342 112 385 900
132 337 219 385 omnia
232 335 395 397 corripuisse,
410 338 506 383 metum
519 333 571 383 iam
584 333 617 382 ad
630 333 738 385 moenia
751 332 823 382 ferri.

130 426 175 474 ille
187 423 273 472 furens
287 423 325 485 (et
336 437 413 472 saeva
424 422 492 471 Iovis
504 422 542 471 eie
555 421 663 470 numina
675 423 805 487 poscunt)

131 512 225 560 desen't
238 511 356 559 obsessos
370 512 459 570 eolles,
475 524 581 561 nemora
594 525 688 572 aspera
702 510 810 573 linquit.

131 601 173 648 vix
187 614 201 648 e
214 606 353 662 conspeetu
366 599 464 649 exierat
477 613 649 661 campumque
662 598 781 657 tenebat,

131 703 189 737 eum
202 695 275 751 pater
287 690 399 746 Aeneas,
414 687 495 736 saltus
508 687 638 748 ingressus
652 694 769 749 apertos,

62 781 111 825 905
132 785 307 840 exuperatque
319 776 410 837 iugum
421 775 537 838 silvaque
550 775 636 824 evadit
647 788 744 836 opaea.

132 865 257 915 sicambe
272 865 304 914 ad
318 879 404 913 muros
418 864 501 926 rapidi
515 871 622 926 totoque
637 862 760 912 feruntur

132 954 235 1015 agmine
248 967 295 1002 nee
308 953 393 1015 longis
406 953 512 1002 intense
526 951 642 1014 passibus
656 950 757 999 absunt

132 1057 162 1091 ae
174 1043 250 1091 simul
265 1043 366 1090 Aeneae
380 1040 507 1091 fumantes
520 1041 624 1102 pulvere
638 1054 749 1101 campos

132 1130 263 1193 prospexit
275 1131 353 1191 longe
366 1129 557 1191 Laurentiaque
570 1127 675 1189 agmina
688 1128 756 1178 vidit

62 1223 112 1266 910
131 1226 157 1267 et
168 1233 272 1267 saevom
284 1220 393 1266 Aenean
407 1216 531 1278 adgnovit
542 1217 646 1264 Turnus
659 1216 686 1263 in
701 1218 784 1265 armis

132 1308 321 1368 adventumque
334 1306 429 1368 pedum
442 1305 569 1366 flatusque
582 1304 681 1353 audivit
694 1319 837 1368 equorum.

132 1395 307 1456 continuoque
320 1394 409 1442 ineant
421 1408 521 1456 pugnas
536 1400 560 1440 et
573 1393 673 1454 proelia
684 1399 828 1456 temptent,

132 1483 157 1531 ni
172 1497 261 1530 roseus
275 1483 354 1530 fessos
368 1483 419 1529 iam
432 1482 533 1542 gurgite
546 1480 667 1529 Phoebus
681 1480 784 1530 Hibero

132 1571 233 1633 tinguat
246 1586 326 1633 equos
340 1578 493 1632 noctemque
507 1569 548 1618 die
561 1568 664 1617 labente
677 1570 800 1620 reducat.

62 1664 111 1707 915
132 1660 270 1708 considunt
283 1659 371 1707 eastris
385 1667 444 1707 ante
458 1658 546 1707 urbem
560 1664 585 1706 et
599 1657 703 1706 moenia
717 1660 831 1709 vallant.
