1816 2956
58 183 120 232 490
298 191 325 230 P.
343 190 465 231 interut
483 190 615 231 nuncius

163 347 272 396 Postera
284 348 327 395 vix
340 361 453 395 summos
467 347 605 410 spargebat
617 347 715 396 lumine
728 355 833 396 montes

128 444 185 486 orta
198 437 261 495 dies,
278 452 336 485 cum
349 437 461 499 primurn
474 437 527 484 elto
540 451 568 484 se
580 436 682 498 gurgite
696 437 798 485 tollunt

61 531 109 574 115
130 524 199 579 Solis
212 525 272 587 equi
286 526 422 589 lucemque
435 525 509 573 elatis
521 525 626 572 naribus
639 525 737 583 efflent,

130 629 249 676 eampum
263 615 295 662 ad
309 623 437 663 certarnen
457 627 567 674 magnae
580 613 626 660 sub
640 614 779 662 moenibus
793 617 848 663 urbi

130 703 238 750 dimensi
251 702 392 766 Rutulique
406 703 452 750 viri
465 701 611 764 Teucrique
624 702 757 764 parebant

129 792 157 838 in
170 792 306 854 medioque
320 792 391 840 socos
404 799 430 840 et
443 791 482 839 dis
495 791 675 839 communibus
688 806 750 840 aras

129 881 284 942 gramineas.
313 881 358 928 alii
370 879 520 943 fontemque
532 880 671 942 ignemque
684 880 815 939 serebant,

63 974 111 1017 120
130 969 207 1017 velati
220 968 283 1016 limo
297 975 322 1017 et
334 969 445 1017 verbena
457 976 574 1031 tempora
585 969 673 1016 vincti.

131 1057 248 1121 procedit
260 1057 328 1119 legio
342 1058 506 1106 Ausonidum
518 1058 651 1120 pilataque
664 1057 752 1119 plenis

131 1147 236 1208 agmina
248 1161 275 1194 se
288 1146 399 1194 fundunt
411 1147 500 1209 portis.
528 1147 589 1194 hinc
602 1145 696 1193 Troius
710 1147 798 1195 omnis

131 1235 330 1298 Tyrrhenusque
344 1235 395 1283 ruit
407 1236 482 1283 variis
496 1236 622 1284 exercitus
635 1235 725 1293 armis,

131 1325 200 1372 haud
214 1338 287 1372 secus
300 1324 417 1372 instructi
431 1324 497 1372 ferro
512 1324 624 1387 quamsi
638 1338 733 1385 aspera
745 1324 837 1372 Martis

63 1418 112 1461 125
132 1427 220 1475 pugne
232 1419 314 1460 vocet.
343 1425 390 1460 uec
403 1427 456 1459 non
469 1412 560 1460 mediis
574 1413 600 1459 in
614 1412 720 1480 milibus
737 1413 788 1476 ipsi

45 1547 48 1554 ,
133 1502 251 1549 ductores
266 1515 328 1548 auro
343 1501 451 1548 volitant
464 1507 585 1564 ostroque
598 1501 713 1563 superbi,

133 1598 158 1639 et
170 1605 250 1652 genus
264 1589 385 1638 Assaraci
398 1589 546 1636 Mnestheus
560 1596 585 1636 et
597 1589 669 1637 sortis
683 1590 774 1638 Asilas

133 1687 158 1726 et
170 1680 303 1741 Messapus
317 1693 410 1741 equom
424 1678 543 1735 domitor,
560 1677 689 1740 Neptunia
701 1680 801 1740 proles.

134 1775 212 1831 utque
227 1769 286 1815 dato
300 1768 375 1829 signo
389 1767 471 1829 spatia
485 1767 510 1813 in
525 1782 571 1814 sua
585 1767 694 1829 quisque
708 1769 825 1823 recessit,

65 1863 114 1905 130
134 1858 249 1918 defigunt
262 1857 347 1904 telluri
361 1856 447 1902 hastas
461 1862 486 1902 et
498 1861 571 1903 senta
584 1855 720 1902 reclinant.

135 1953 189 1992 turn
202 1946 287 1992 studio
302 1945 398 1993 effusae
411 1951 504 1992 matres
519 1951 543 1990 et
555 1945 644 2005 volgus
658 1944 791 1994 inermum

134 2034 292 2095 invalidique
306 2048 379 2080 senes
393 2033 468 2079 turris
482 2040 507 2079 et
520 2040 586 2080 tecta
600 2033 739 2080 domorum

135 2123 266 2180 obsedere,
282 2122 327 2169 alii
341 2121 421 2183 portis
435 2119 586 2167 sublimibus
600 2120 713 2168 adstant.

169 2213 206 2258 At
218 2212 283 2258 luno
298 2226 311 2258 e
324 2224 434 2267 surnrno,
451 2208 493 2270 qni
508 2223 576 2255 nnnc
589 2208 708 2256 Albanus
724 2211 838 2261 habetur

67 2306 114 2348 135
136 2300 201 2363 (turn
227 2314 311 2361 neque
337 2314 431 2347 nomen
457 2306 511 2345 erat
536 2312 582 2345 nec
608 2297 691 2344 lrouos
718 2308 766 2347 ant
786 2303 848 2359 glor

436 2386 538 2448 monti),

137 2477 295 2540 prospiciens
310 2476 408 2522 tumulo
423 2490 543 2537 campum
557 2474 706 2536 aspectabat
721 2484 747 2522 et
762 2479 848 2527 antlia·

136 2566 295 2613 Laurentum
308 2565 456 2626 Troumque
471 2564 538 2611 acies
552 2563 693 2624 urbemque
708 2564 810 2614 Latini.

135 2655 266 2720 externplo
280 2653 361 2701 Turni
374 2654 410 2700 sic
424 2659 463 2700 est
475 2653 563 2701 adsuta
578 2665 703 2708 sororem,
