1816 2956
302 191 449 230 cussinos
474 193 561 232 Linea
578 193 620 233 rx.
797 169 866 233 387'

64 352 111 394 145
133 354 241 409 apparat
254 356 279 395 et
291 363 392 396 mecum
405 349 503 395 invadit
515 350 670 411 trepidantia
684 351 784 398 castra?

132 450 185 482 non
198 438 276 484 armis
289 438 352 484 mihi
365 437 486 495 Volcani,
502 452 554 484 nou
568 439 639 486 mille
653 439 746 487 carinis

132 532 170 571 est
183 539 247 587 opus
260 526 287 572 in
301 527 424 574 Teucros.
453 526 551 573 addant
563 540 590 573 se
604 527 721 588 protinus
735 542 824 576 omnes

131 612 232 661 Etrusci
247 615 340 662 socios.
369 615 487 662 tenebras
501 623 526 662 et
538 615 631 662 inertia
644 615 712 662 l'urta

133 700 266 764 [Palladit
283 704 363 751 eaesis
377 718 492 751 summae
506 703 654 751 custodibus
669 704 758 768 arcia]

63 794 111 836 150
131 805 163 838 ne
176 791 292 839 timeant.
319 806 367 840 nec
380 792 438 855 equi
452 806 530 839 caeca
542 792 683 840 condemur
695 791 722 838 in
736 792 809 839 alvo:

132 880 188 926 luce
202 880 289 940 palam
303 887 400 927 certum
413 888 451 927 est
464 880 518 940 igni
532 880 690 927 circumdare
703 895 799 927 muros.

132 967 200 1012 haud
214 967 262 1013 sibi
277 982 336 1014 cum
348 968 447 1016 Danais
461 982 515 1014 rem
528 968 587 1015 faxo
602 976 627 1016 et
640 968 707 1030 pube
721 967 831 1030 Pelasga

132 1069 185 1102 csse
199 1063 303 1116 putent,
326 1056 453 1103 decimum
472 1069 536 1116 quos
555 1057 654 1103 distulit
666 1056 762 1104 Hector
775 1057 801 1103 in
816 1072 861 1105 an-

432 1158 503 1190 num.

132 1245 201 1279 nunc
214 1232 289 1289 adeo,
305 1232 397 1279 melior
411 1232 533 1293 qnoniam
547 1247 606 1294 pars
619 1241 677 1280 acta
690 1234 750 1293 diei,

10 1362 13 1370 .
64 1325 110 1366 155
132 1321 201 1381 quod
216 1327 339 1382 superest,
359 1321 419 1368 laeti
433 1320 498 1369 bene
511 1322 589 1382 gestis
603 1336 712 1383 corpora
725 1321 800 1370 rebus

132 1417 277 1470 procurato,
293 1409 348 1468 viri,
365 1419 390 1457 et
402 1423 517 1471 pugnam
530 1417 631 1471 sperate
644 1401 748 1472 parari.'

132 1498 229 1546 interea
242 1498 350 1559 vigilum
363 1497 477 1546 excubiis
492 1498 611 1546 obsidere
624 1506 711 1560 portas

132 1601 193 1633 cura
206 1587 281 1634 datur
293 1587 414 1649 Messapo
428 1594 453 1634 et
465 1587 569 1635 moenia
583 1587 685 1648 cingere
699 1586 817 1634 flammis.

131 1675 169 1721 bis
183 1684 280 1736 septem
293 1675 392 1733 Rutuli,
408 1689 495 1722 muros
509 1675 553 1737 qui
566 1675 648 1722 milite
660 1682 768 1733 servent,

62 1767 111 1809 160
132 1763 239 1822 delecti3
254 1772 293 1810 ast
305 1764 365 1810 illos
379 1764 479 1812 centeni
493 1778 622 1826 quemque
634 1771 754 1811 secuntur

131 1852 251 1913 purpurei
266 1852 348 1900 cristis
361 1853 465 1900 iuvenes
479 1867 593 1914 auroque
607 1853 716 1900 corusci.

131 1939 276 1987 discurrunt
290 1941 440 2002 variantque
453 1941 519 1989 vices
533 1941 634 2003 fusique
647 1955 693 2002 per
706 1940 812 1988 herbam

131 2028 267 2089 indulgent
279 2029 338 2076 vino
353 2037 378 2076 et
390 2036 491 2077 vertunt
504 2037 615 2078 crateras
629 2043 716 2077 aenos.

131 2117 269 2164 conlucent
281 2117 363 2179 ignes,
380 2125 481 2165 noctem
495 2118 612 2164 custodia
625 2118 696 2165 ducit

61 2207 109 2250 165
130 2204 274 2253 insomnem
288 2207 358 2253 ludo.

166 2292 237 2340 Haec
249 2308 325 2355 super
338 2308 352 2341 c
365 2294 434 2340 vallo
448 2300 614 2355 prospectant
626 2294 707 2342 Troes
722 2302 747 2342 et
760 2296 836 2342 armis

130 2382 183 2429 alta
198 2387 284 2429 tenent
297 2397 344 2429 nec
357 2397 410 2428 non
424 2381 515 2444 trepidi
529 2381 666 2430 formidine
680 2390 767 2444 portas

130 2470 268 2531 explorant
280 2470 418 2532 pontisque
432 2477 457 2517 et
469 2471 667 2531 propugnacula
679 2471 801 2531 iungunt,

131 2559 182 2605 tela
193 2567 294 2618 gerunt.
322 2559 420 2606 instant
432 2557 587 2608 Mnestheus
602 2573 720 2621 acerque
729 2557 876 2605 Secessus„

48 2647 101 2687 170
118 2657 183 2698 quos
191 2653 270 2701 parter
280 2647 399 2709 Aeneas,
416 2649 559 2714 siquando
574 2651 699 2699 aduersa
710 2643 865 2694 uoce-rents

665 2735 685 2779 ‘z
695 2721 738 2776 b*
