1816 2956
272 198 420 240 susumus
441 199 530 238 nmen
546 200 586 239 ιν.
765 189 825 237 241

102 370 221 422 quaeque
245 356 317 404 leons
346 357 397 405 late
426 355 554 419 liquidos,
588 369 706 419 quaeque
738 370 830 419 aspera

403 444 486 492 dumis

101 546 161 582 rura
173 539 270 592 tenent,
286 546 377 580 somno
390 533 490 595 positae
503 531 549 579 snb
563 540 638 581 noete
651 532 736 581 silenti

101 620 232 687 [lenibant
243 635 326 680 curas,
342 627 368 669 et
380 621 459 668 corda
472 619 555 668 oblita
567 620 707 685 laborum}

101 717 129 760 st
140 724 193 759 non
205 710 296 759 infelix
309 709 389 758 animi
402 709 553 768 Phoenissa,
568 723 617 758 nec
629 724 754 772 nmquam

47 805 82 850 80
100 799 209 849 solvitur
220 799 248 847 in
261 812 366 847 somnos
379 798 493 847 oculisve
505 803 551 845 ant
562 803 665 860 pectore
678 804 782 847 noctem

102 889 210 952 accipit:
232 886 394 950 ingeminant
406 901 491 946 curae,
507 894 647 949 rursusque
659 900 795 949 resurgens

101 977 183 1026 saevit
194 991 275 1036 amor,
290 989 438 1038 magnoque
450 975 548 1023 irarum
560 976 668 1024 fluctuat
680 982 761 1024 aestu.

101 1066 139 1115 sic
152 1065 218 1115 odeo
230 1065 326 1113 insistit
338 1078 477 1126 secumque
489 1064 526 1112 ita
539 1064 617 1113 corde
629 1065 737 1113 volutat.

97 1144 142 1204 ‘en
155 1155 217 1218 quid
231 1153 300 1216 agol
317 1167 438 1201 rursusne
450 1166 543 1216 procos
556 1153 637 1201 inrisu
649 1154 747 1217 priores

47 1248 80 1294 ³5
100 1243 226 1307 experiar,
241 1241 439 1304 Nomadumque
451 1247 539 1304 petam
552 1241 664 1290 conubia
676 1243 794 1306 supplex,

100 1347 165 1397 quos
178 1346 227 1393 ego
240 1331 289 1379 sim
301 1331 394 1378 totiens
406 1330 459 1377 iam
472 1329 612 1390 dedignata
624 1329 749 1378 maritos?

99 1420 194 1470 Iliacas
206 1420 285 1482 igitur
298 1421 393 1468 classes
407 1425 484 1482 atque
497 1418 589 1466 ultima
602 1418 731 1467 Teucrum

98 1510 169 1558 iussa
181 1508 292 1571 sequar?
312 1508 407 1570 quiane
420 1507 518 1555 auxilio
532 1506 602 1554 iuvat
614 1514 674 1555 ante
686 1508 783 1555 levatos

99 1605 125 1648 et
136 1597 202 1647 bene
215 1597 282 1660 apud
296 1609 422 1644 memores
435 1595 526 1643 veteris
539 1600 590 1643 stat
602 1594 686 1656 gratia
699 1593 778 1643 facti?

47 1693 79 1737 40
99 1687 157 1750 quis
169 1700 211 1735 me
224 1691 325 1743 autern,
340 1684 382 1733 fac
394 1683 473 1743 velle,
489 1684 556 1732 sinet
567 1682 696 1730 ratibusve
709 1682 825 1745 superbis

98 1775 208 1823 invisam
221 1773 347 1838 accipiet?
365 1772 448 1822 nescis
461 1771 521 1831 hen,
538 1771 647 1834 perdita,
663 1771 774 1819 necdum

97 1862 308 1911 Laomedonteae
321 1861 400 1911 sentis
413 1861 527 1924 periuria
538 1858 641 1920 gentis?

98 1951 161 2014 quid
175 1950 247 1998 tum?
266 1951 323 1998 sola
335 1951 398 2011 fuga
409 1956 502 1996 nautes
516 1947 660 1996 comitabor
672 1947 789 1997 ovantis?

98 2054 132 2088 an
144 2039 228 2102 Tyriis
242 2039 364 2101 omnique
377 2051 456 2084 manu
469 2036 564 2099 stipata
576 2049 693 2084 meorum

47 2134 78 2179 45
97 2127 194 2176 inferar
207 2134 232 2176 et
244 2141 309 2190 quos
323 2125 432 2175 Sidonia
444 2125 487 2172 vix
499 2124 563 2173 urbe
576 2123 673 2182 revelli,

97 2231 185 2264 rursus
199 2230 276 2278 agam
288 2215 382 2279 pelago
396 2220 421 2262 et
432 2214 514 2262 ventis
527 2213 589 2261 dure
601 2212 659 2261 vela
670 2210 783 2259 iubebo?

98 2305 277 2367 quimorem,
292 2303 419 2351 utmerita
426 2316 461 2361 es,
477 2302 597 2364 ferroque
604 2299 822 2349 avertodolorem.

97 2400 126 2441 tu
138 2392 252 2441 lacrimis
266 2391 347 2440 evicta
359 2391 432 2449 meis,
448 2398 476 2438 tu
489 2391 573 2453 prima
585 2389 713 2437 furentem

97 2479 148 2539 his,
163 2493 296 2542 germana,
311 2478 386 2526 malis
399 2492 492 2526 oneras
506 2485 583 2541 atque
596 2475 677 2525 obicis
691 2473 767 2522 hosti.

47 2574 79 2620 50
98 2582 152 2616 non
165 2568 239 2616 licuit
251 2566 358 2614 thalami
372 2572 504 2628 expertem
517 2567 572 2615 sine
585 2564 692 2614 crimine
705 2562 784 2610 vitam

97 2657 201 2718 degere,
215 2668 287 2703 more
299 2653 378 2714 ferse,
393 2655 453 2703 telis
465 2667 516 2703 neo
526 2660 638 2716 tangere
649 2664 745 2699 cursen

79 2738 195 2792 Vergilius.
642 2732 686 2781 W»
789 2772 793 2780 .
824 2706 861 2794 1
