1816 2956
104 163 164 213 548
447 167 553 209 ensux.

172 329 254 376 rivum
266 336 372 391 propter
384 342 468 390 aquae
480 326 554 374 viridi
568 325 614 373 sub
628 325 721 374 fronde
733 327 859 376 latentem

102 424 153 466 ³90
173 418 334 465 conformare
348 418 434 465 locum
447 417 517 478 capit
529 415 638 478 inpiger.
666 415 737 462 hunc
748 417 809 463 etin
817 415 896 464 orbem

174 506 327 554 destinatae
341 506 400 553 ferri
415 505 536 567 capulum
549 503 666 567 repetivit
678 504 706 550 in
719 519 808 564 usum,

171 594 332 658 gramineam
345 602 373 642 ut
384 594 459 641 viridi
472 593 572 640 foderet
584 593 615 640 de
628 592 744 654 caespite
756 601 860 642 terram.

172 683 224 731 iam
237 697 336 730 memor
353 683 485 745 inceptum
503 695 628 743 peragens
647 680 698 727 sibi
712 696 777 729 cura
790 683 898 730 laborem

173 778 323 833 congestum
336 770 476 818 cumulavit
489 784 553 831 opus
567 775 644 830 atque
654 764 756 829 'aggere
770 772 850 818 multo

102 865 152 909 395
173 861 272 909 telluris
286 859 399 907 tumulus
412 859 550 906 sarmatum
563 856 640 905 crevit
652 857 680 903 in
694 857 796 906 orbem.

172 964 249 1011 quern
262 949 358 996 circum
371 947 484 1010 lapidem
497 946 545 994 levi
559 947 591 993 dc
603 960 733 995 marmore
748 948 863 996 formans

173 1037 292 1095 conserit,
308 1036 431 1084 adsiduae
445 1050 521 1084 curae
533 1049 639 1082 memor.
667 1034 752 1083 hicet
767 1038 890 1085 acanthus

172 1133 197 1174 ct
209 1141 268 1172 rosa
281 1138 409 1187 purpureo
424 1123 515 1171 crescit
526 1122 678 1186 pudibunda
691 1123 788 1172 rubore

173 1222 198 1262 ct
210 1215 292 1261 violae
305 1227 382 1260 omne
395 1227 490 1273 genus,
512 1212 554 1260 hic
567 1218 642 1260 estet
655 1209 778 1274 Spartica
790 1222 885 1277 myrtus

101 1309 152 1351 400
172 1309 250 1365 atquc
263 1301 416 1364 hyacinthus
430 1308 455 1349 et
467 1300 509 1348 hic
524 1299 600 1348 Cilici
614 1314 706 1348 crocus
719 1302 806 1350 editus
820 1318 888 1360 arro,

172 1392 260 1439 laurus
286 1391 346 1437 item
365 1390 463 1438 Phoebi
489 1402 596 1449 surgens
622 1389 716 1448 decus,
745 1391 790 1440 hio
811 1393 897 1440 rhodo

473 1477 575 1538 daphne

171 1567 277 1628 liliaque
291 1574 315 1614 et
328 1567 392 1613 roris
406 1565 529 1613 nonaria
543 1581 604 1612 cura
618 1567 711 1613 marini

172 1656 303 1717 herbaque
316 1656 378 1702 turis
392 1669 452 1716 opcs
467 1655 556 1716 priscis
570 1654 670 1701 imitata
684 1653 793 1704 Sabinis

173 1745 390 1806 chrysanthesque
404 1744 565 1804 hederaeque
575 1743 643 1788 nitor
653 1743 770 1803 pallente
783 1746 895 1808 corymbo

102 1839 152 1881 405
173 1842 197 1881 et
210 1834 322 1881 bocchus
336 1832 433 1893 Libyae
447 1831 512 1890 regis
526 1845 632 1888 memor,
649 1830 691 1878 hic
704 1834 873 1883 amaranthus

172 1923 355 1981 bumastusquc
369 1921 451 1967 virens
465 1928 490 1966 et
502 1934 601 1981 semper
615 1919 707 1968 florida
721 1921 803 1981 tinus,

172 2024 224 2056 non
238 2009 310 2055 illinc
324 2009 450 2056 narcissus
464 2009 544 2064 abest,
560 2007 599 2055 eui
614 2008 699 2067 gioria
713 2009 817 2060 formae

172 2097 231 2156 igne
245 2096 390 2158 Cupidineo
403 2097 520 2158 proprios
535 2096 630 2143 exarsit
642 2096 668 2142 in
683 2105 766 2156 artus,

172 2194 196 2231 ct
210 2199 386 2246 quoscumque
399 2193 495 2232 novant
507 2185 640 2233 vernantia
653 2191 775 2247 tempora
788 2189 870 2243 flores.

101 2279 151 2319 410
172 2273 210 2318 his
225 2274 337 2320 tumidus
352 2288 428 2334 super
441 2274 575 2321 inseritur:
598 2281 651 2320 turn
664 2272 751 2322 fronte
767 2278 868 2326 locatur

171 2361 293 2420 elogium,
310 2361 388 2408 tacita
402 2362 495 2409 i'ornrat
508 2363 576 2424 quod
592 2363 675 2409 littere
689 2379 763 2412 voce.

167 2439 255 2509 ‘parve
270 2450 352 2505 culex,
369 2451 497 2510 pecudum
510 2458 595 2498 custos
609 2450 654 2496 tihi
668 2451 721 2498 taio
734 2455 845 2502 merenti

171 2537 266 2584 thuoris
280 2538 393 2584 osticium
407 2539 473 2586 vitae
488 2555 533 2600 pro
546 2553 652 2587 munere
664 2534 771 2587 reddit.'

47 2666 111 2760 h
