1816 2956
80 176 140 222 408
316 185 343 225 Ρ.
360 185 482 225 vaaorm
503 185 634 226 MARONIS

148 340 313 403 turbantique
325 341 402 400 viros,
418 342 544 404 perfertur
556 343 661 394 nuntius
674 343 776 391 hostem

78 434 128 478 690
148 429 243 477 fervere
257 429 335 477 caede
348 444 415 477 nova
428 438 452 478 et
465 437 551 493 portas
565 430 687 493 praebere
700 431 824 493 putentis.

148 517 242 566 deserit
254 517 385 580 inceptum
399 527 476 581 atque
488 519 587 567 inmani
600 519 717 569 concitus
729 519 770 567 ira

147 606 308 654 Dardaniam
321 607 372 653 ruit
384 607 416 654 ad
429 614 531 669 portam
545 607 685 670 fratresque
698 608 836 670 superbos.

149 702 174 744 et
186 695 297 757 pri-mum
309 695 468 757 Antiphaten
480 695 513 757 (is
527 695 595 744 enim
607 709 635 744 se
647 695 746 757 primus
755 697 878 761 agebat),

149 782 275 831 Thebana
287 783 319 831 de
332 789 412 846 matre
425 783 533 831 nothum
547 783 704 847 Sarpedonis
718 785 774 844 alti,

79 877 129 920 695
149 872 265 920 coniecto
279 871 368 919 sternit
380 871 482 931 iacul03
503 873 573 920 volat
585 873 651 920 Itala
663 887 757 920 cornus

148 975 209 1008 acra
221 974 267 1022 per
279 967 395 1008 tenerum
407 961 594 1023 stomachoque
607 961 688 1009 infixa
699 960 747 1008 sub
761 963 848 1012 altum

147 1057 236 1112 pectus
249 1048 310 1107 abit,
326 1048 410 1097 reddit
422 1064 513 1112 specus
527 1050 575 1097 atri
588 1049 700 1099 volneris
713 1051 816 1101 undam

147 1143 309 1200 spumantem
323 1144 348 1185 et
360 1137 412 1185 lixo
425 1138 520 1184 ferrum
533 1137 560 1184 in
573 1138 696 1200 pulmone
710 1141 830 1200 tepescit.

147 1234 201 1274 turn
213 1225 347 1289 Meropem
359 1234 437 1289 atquc
450 1226 590 1288 Erymanta
601 1240 695 1285 manu,
716 1233 774 1277 tum
788 1230 883 1293 sternit

446 1314 598 1377 Aphidnum
608 1331 614 1374 3

78 1408 127 1452 700
147 1410 201 1450 tum
212 1402 299 1450 Bitian
313 1403 445 1451 ardentem
459 1403 540 1452 oculis
555 1403 699 1464 animisque
712 1402 878 1465 frementem,

146 1505 198 1538 non
212 1491 307 1550 iaculo,
323 1506 407 1554 neque
420 1492 489 1540 enim
501 1491 587 1539 iaculo
601 1492 679 1538 vitam
691 1492 737 1541 ille
751 1493 877 1553 dedisset.

145 1579 188 1628 sed
202 1594 326 1641 magnum
339 1580 449 1627 stridens
463 1586 581 1627 contorta
594 1579 729 1642 phalarica
741 1584 824 1641 venit,

144 1668 259 1716 fulminis
273 1674 331 1715 acta
343 1667 431 1726 modo,
447 1682 526 1728 quam
539 1682 586 1715 nce
600 1668 650 1714 duo
665 1675 755 1716 taurea
769 1679 846 1734 terga

144 1771 192 1804 nec
205 1755 302 1818 duplici
316 1770 424 1818 squama
437 1756 519 1803 lorica
532 1756 614 1803 fidelis
628 1763 653 1803 et
666 1770 730 1803 auro

75 1849 123 1894 705
144 1844 274 1902 sustinuit,
291 1845 414 1906 conlapsa
427 1852 504 1890 ruont
517 1843 633 1891 inmania
645 1845 772 1906 membra,

145 1934 191 1982 dat
201 1933 277 1981 tellus
291 1933 414 1993 gemitum
425 1933 569 1995 etclipeum
578 1933 876 2000 superintonatingens.

144 2021 203 2070 talis
216 2020 242 2067 in
256 2020 372 2069 Euboico
385 2021 508 2069 Baiarum
522 2023 596 2070 litore
609 2024 741 2085 quondam

144 2123 222 2157 saxea
234 2108 288 2171 pila
301 2109 379 2167 cadit,
394 2111 496 2170 magnis
510 2126 587 2173 quarn
600 2112 712 2159 molibus
726 2123 790 2163 ante

145 2204 318 2246 constructam
331 2205 411 2259 ponto
424 2198 529 2257 iaciunt,
546 2199 582 2247 sic
595 2200 641 2247 illa
654 2200 754 2249 ruinam

76 2291 125 2335 710
145 2300 227 2348 prona
240 2285 318 2333 trahit
330 2285 482 2348 penitusque
495 2288 566 2334 vadis
579 2287 656 2336 inlisa
669 2290 808 2352 recumbit,

144 2373 253 2422 misccnt
264 2388 291 2422 se
304 2374 387 2422 maria
400 2382 424 2421 et
437 2375 526 2435 nigrae
540 2376 693 2423 attolluntur
706 2377 833 2442 harenae,

140 2472 195 2512 turn
209 2462 297 2513 sonitu
310 2461 439 2525 Prochyta
452 2463 505 2510 alta
518 2464 603 2512 tremit
616 2465 761 2528 durumque
776 2472 867 2522 cubile

126 2555 249 2608 Inarime
264 2556 336 2608 Iovis
350 2552 471 2621 imperiis
481 2553 589 2616 inposta
595 2552 732 2612 duplices.

158 2650 216 2704 Hic
228 2652 310 2704 Mars
326 2649 502 2716 armipotens
517 2641 640 2691 &lilinum
649 2639 768 2693 11100000.
774 2638 885 2686 Xint'xn'xs

38 2682 85 2760 h
