1816 2956
273 217 421 257 AENEIDOS
440 219 526 257 LIBER
540 220 602 258 vrlr.
775 212 835 259 355

57 378 87 420 65
111 373 151 421 hic
164 374 226 421 mihi
241 389 336 435 magna
350 376 449 433 domus,
466 376 541 423 celsis
552 385 629 438 caput
636 377 750 436 urbibus,
767 371 839 426 exit.'

144 462 225 521 Dixit,
242 464 334 511 deinde
348 464 406 511 lacu
419 464 510 511 fluvius
523 478 550 511 se
564 465 680 512 condidit
692 466 756 525 aito,

108 551 160 598 ima
173 560 278 614 petens3
299 567 351 599 nox
365 553 473 600 Aenean
486 566 643 614 somnusque
656 554 770 616 reliquit.

108 641 190 702 surgit
202 649 227 689 et
240 641 346 689 aetherii
361 648 479 703 spectans
493 640 603 688 orientia
615 641 678 690 solis

109 729 208 777 lumina
220 729 268 777 rite
282 729 349 777 cavis
362 730 460 777 undam
473 728 505 776 de
518 727 623 776 flumine
636 730 729 792 palmis

57 820 89 865 70
108 817 216 865 sustinet
230 832 260 865 ac
273 817 332 864 talis
347 816 455 864 effundit
468 817 500 864 ad
514 816 619 865 aethera
630 831 714 866 voces.

104 893 260 967 ‘nymphae‚
288 905 430 954 Laurentes
449 905 592 966 nymphae,
617 920 699 967 genus
718 908 838 957 amnibus

409 993 510 1051 undest,

108 1088 186 1143 tuque
200 1096 214 1128 o
228 1081 324 1143 Thybri
338 1089 383 1128 tuo
396 1081 497 1142 genitor
510 1096 568 1129 oum
581 1082 685 1131 flumine
699 1092 798 1144 sancto,

108 1170 217 1232 accipite
230 1170 338 1217 Aenean
352 1177 376 1217 et
389 1170 493 1217 tandem
507 1178 591 1218 arcete
604 1171 715 1233 periclis.

108 1273 160 1321 quo
186 1266 210 1306 te
239 1272 349 1319 cumque
378 1259 450 1306 lacus
479 1258 642 1308 miserantem
672 1261 840 1310 incommoda

409 1354 498 1395 nostra

56 1439 87 1484 75
108 1435 178 1484 fonte
192 1443 269 1495 tenet,
286 1450 450 1497 quocumque
464 1435 520 1483 solo
534 1435 720 1499 pulcherrimus
735 1438 798 1496 exis,

107 1539 206 1587 semper
218 1525 318 1572 honore
330 1539 397 1583 meo,
414 1538 515 1586 semper
528 1523 690 1573 celebrabere
703 1526 787 1583 donis,

109 1614 228 1674 corniger
241 1613 406 1675 hesperidum
419 1613 509 1659 fluvius
523 1619 645 1674 regnator
657 1628 793 1676 aquarum.

107 1702 176 1749 adsis
190 1717 205 1748 o
220 1709 318 1748 tanturn
332 1708 357 1748 et
370 1701 476 1763 propius
489 1707 534 1747 tua
546 1701 653 1747 numina
666 1694 771 1750 firmes.'

109 1790 145 1837 sic
158 1795 292 1847 memorat,
308 1790 476 1851 geminasque
490 1789 553 1849 legit
566 1789 597 1837 de
611 1790 693 1838 classe
706 1790 809 1838 biremis

57 1883 90 1925 80
110 1877 270 1938 remigioque
283 1884 362 1939 aptat,
379 1877 463 1924 socios
477 1877 553 1924 simul
566 1877 670 1925 instruit
682 1879 768 1927 armis.

142 1965 209 2013 Ecce
222 1973 308 2013 autern
322 1964 434 2011 subitum
447 1973 524 2026 atque
538 1966 619 2013 oculis
632 1966 750 2016 mirabile
762 1981 837 2015 rnon-

408 2060 498 2111 strum,
700 2056 706 2064 '

108 2143 220 2191 candida
233 2156 278 2204 per
291 2141 382 2188 silvam
395 2157 454 2189 cum
466 2141 520 2189 fetu
533 2143 657 2190 concolor
669 2142 729 2190 albo

108 2231 244 2293 procubuit
256 2230 383 2292 viridique
396 2230 423 2276 in
437 2231 512 2278 litore
527 2231 684 2293 conspicitur
697 2246 749 2279 sus.

107 2335 185 2381 quam
200 2320 256 2381 pius
270 2320 373 2367 Aeneas
386 2319 432 2366 tibi
445 2319 523 2378 enim,
539 2319 594 2379 tibi,
609 2320 722 2367 maxima
734 2320 810 2378 Iuno,

58 2413 86 2456 35
107 2415 203 2456 mactat
215 2422 288 2455 sacra
301 2408 384 2455 ferens
398 2414 423 2456 et
436 2423 494 2457 cum
506 2422 585 2470 grege
598 2408 664 2455 sistit
677 2409 709 2455 ad
723 2423 803 2456 aratu.

107 2496 216 2558 Thybris
228 2510 258 2544 ea
270 2496 374 2543 fluvium
387 2511 465 2559 quarn
476 2497 560 2560 longa
571 2499 863 2546 estnoetetumeutem

98 2585 174 2629 leniit
185 2592 211 2631 er
223 2585 301 2632 tacita
314 2586 431 2637 refluens
444 2588 486 2639 ita
500 2587 625 2638 substitit
637 2583 732 2636 undet

83 2668 155 2714 miu's
169 2671 236 2718 utin
253 2689 358 2726 morem
373 2681 472 2746 stagni
488 2679 691 2746 placidaeque
702 2656 831 2769 pssahud'xs

663 2753 710 2800 ‘lb
