1816 2956
296 184 321 223 Ρ.
338 185 460 224 VERGILI
479 184 609 225 MARONIS

343 452 495 507 ECLOGA
516 453 565 507 III.

150 612 321 650 MENALCAS.
368 611 539 649 DAMOETAS.
586 612 758 652 PALAEMON.

128 804 156 836 u.
178 788 228 836 Dic
236 786 308 845 mihi,
318 785 455 844 Damoeta,
470 786 556 833 eninm
567 786 662 848 pecus?
676 801 708 833 un
716 787 842 838 Meliboei

129 893 156 924 o.
177 876 251 935 Non,
285 889 373 924 verum
397 875 528 937 Aegonis3
555 889 637 937 nuper
661 876 724 923 mihi
750 877 842 925 tradidi

430 963 531 1024 Aegon.

130 1071 158 1102 u.
180 1053 274 1101 Infelix
287 1068 302 1101 o
315 1066 424 1114 semper,
440 1052 503 1110 ovis,
518 1052 612 1113 pecusi
633 1053 688 1115 ipse
700 1053 830 1102 Neaeram

130 1144 192 1191 dum
205 1143 273 1190 fovet
286 1157 316 1190 ec
328 1156 362 1189 ne
374 1155 415 1188 me
428 1139 476 1187 sibi
490 1140 618 1202 praeferat
630 1142 676 1189 illa
688 1150 799 1202 veretur,

97 1239 111 1281 5
131 1233 173 1280 hic
187 1232 286 1280 alienus
299 1231 352 1278 ovis
366 1236 452 1277 custos
465 1228 504 1276 bis
517 1230 616 1290 mulget
628 1230 655 1277 in
670 1231 742 1289 hore,

131 1328 157 1370 et
168 1329 244 1368 sucus
256 1318 343 1382 pecori
357 1325 383 1366 et
394 1318 435 1365 loc
448 1318 600 1365 subducitur
613 1320 695 1380 agnis.

107 1396 108 1400 Ἰ
131 1425 158 1457 o.
179 1409 285 1456 Parcius
299 1409 348 1455 ista
360 1407 420 1455 viris
434 1413 519 1454 tamen
534 1408 669 1454 obicienda
682 1416 822 1456 memento.

131 1499 249 1546 novimus
263 1505 288 1545 et
301 1497 345 1559 qui
358 1503 392 1555 te,
407 1503 551 1543 transversa
564 1496 693 1543 tuentibus
707 1496 818 1558 hirquis,

132 1595 157 1636 et
169 1601 221 1649 quo
235 1587 292 1648 (sed
306 1587 394 1634 faciles
408 1586 535 1648 nymphae
548 1587 638 1648 risere)
652 1585 758 1633 sacello.

82 1682 113 1725 10
132 1692 160 1724 Μ.
181 1676 258 1734 Tum,
274 1675 364 1733 credo,
380 1689 438 1723 cum
451 1689 492 1723 me
505 1675 638 1722 arbustum
651 1675 736 1721 videre
749 1674 842 1722 Micon

132 1772 209 1827 etque
222 1766 292 1812 mala
303 1764 361 1811 vitis
374 1764 488 1812 incidere
501 1764 567 1812 falce
580 1764 703 1811 novellas.

131 1869 159 1901 n.
181 1856 235 1901 Aut
248 1853 289 1900 hic
303 1853 335 1899 ed
348 1853 439 1900 veteris
453 1853 526 1914 fagos
540 1867 598 1900 eum
609 1851 758 1913 Daphnidis
773 1866 842 1899 arcui

132 1943 230 2004 fregisti
244 1949 269 1990 et
282 1943 410 1990 calamos:
432 1955 498 2003 quae
512 1948 548 1999 tu,
563 1954 680 2002 perverse
693 1939 824 2000 Menalca,

133 2038 159 2078 ct
171 2045 230 2079 eum
242 2030 326 2077 vidisti
340 2045 420 2092 puero
435 2031 539 2087 donata,
555 2029 670 2087 dolebas,

84 2125 113 2167 15
133 2119 192 2168 etsi
205 2133 257 2166 non
271 2119 360 2180 aliqua
372 2119 514 2176 nocuisses,
530 2124 646 2164 mortuus
660 2131 736 2163 esses.

133 2223 161 2255 u.
184 2206 253 2266 Quid
267 2207 366 2255 domini
379 2207 484 2265 faciant,
500 2207 596 2254 audent
609 2221 667 2252 curn
681 2206 744 2252 tolia
756 2203 842 2252 iures?

134 2311 186 2343 non
201 2310 249 2357 ego
263 2303 287 2344 te
299 2295 351 2342 vidi
364 2295 500 2354 Damonis,
516 2296 634 2357 pessime,
651 2308 757 2355 caprum

127 2385 252 2446 excipere
265 2384 374 2443 insidiis,
390 2385 500 2432 mult-um
513 2385 624 2432 latrante
637 2381 762 2444 Lycisca?

134 2482 159 2522 et
172 2488 230 2522 cum
244 2474 383 2521 clamarem
392 2463 456 2536 ‘quo
469 2487 539 2520 nunc
552 2487 579 2520 se
591 2471 701 2534 proripit
713 2469 773 2518 ilie?

66 2566 104 2605 20
126 2562 224 2623 ii'tyre,
241 2578 309 2628 coge
320 2554 423 2629 pecus,'
437 2570 466 2612 tu
478 2569 541 2628 post
552 2558 776 2610 carectuiutenus.

103 2661 133 2695 1>-
155 2650 206 2700 An
220 2653 292 2705 mihi
307 2657 451 2707 contendo
466 2654 555 2704 rictus
566 2663 626 2699 non
636 2645 762 2694 redderet
769 2641 822 2685 'nic
