1816 2956
279 209 426 249 aauamos
444 211 532 248 traua
548 211 590 248 xi.
764 199 823 246 453

71 377 82 395 '¹
98 369 179 416 victor
197 369 282 416 habet.
312 377 366 415 tum
384 374 483 415 maesta
500 367 615 429 phalanx
627 367 772 427 Teucrique
790 380 828 413 se·

400 461 492 503 cuntur

99 545 277 607 Tyrrhenique
291 559 379 592 omnes
393 552 418 591 et
430 544 507 591 versis
521 543 636 591 Arcades
649 543 735 592 arinis.

98 641 236 697 postquam
249 634 332 681 omnis
346 633 424 693 longe
438 633 560 679 comitum
580 639 739 694 processerat
752 632 826 691 ordo,

49 727 79 771 95
99 722 212 770 substitit
224 722 327 769 Aeneas
340 721 490 782 gemituque
503 719 567 768 haec
581 719 662 767 edidit
675 721 736 767 alto.

96 801 155 857 ‘nos
168 810 232 858 alias
246 810 306 857 hinc
320 810 352 856 ad
366 809 486 857 lacrimas
500 809 589 857 eadem
603 809 709 855 horrida
721 807 784 856 belli

100 899 153 946 sata
166 904 273 946 vocant:
294 898 363 945 salve
378 904 510 944 aeternum
524 897 596 954 mihi,
616 897 728 944 maxime
741 895 826 954 Palla,

99 993 283 1048 aeternumque
296 977 372 1033 vale'
397 999 445 1032 nec
458 985 533 1047 plura
546 985 636 1032 effatus
651 986 682 1032 ad
697 985 763 1031 altos

100 1075 221 1122 tendebat
234 1089 320 1121 muros
333 1087 501 1135 gressumque
513 1073 541 1119 in
554 1080 638 1122 castra
651 1073 757 1121 serebat.

49 1163 80 1213 0'0
135 1163 241 1225 Iamque
256 1169 370 1209 oratores
383 1162 491 1209 aderant
504 1175 536 1208 ex
549 1160 612 1208 urbe
624 1160 728 1219 Latina,

99 1252 176 1300 velati
190 1251 267 1299 ramis
282 1251 354 1298 oleae
366 1250 520 1311 veniamque
533 1256 663 1310 rogantes

101 1355 219 1402 corpora,
235 1354 281 1402 per
294 1352 398 1401 campos
412 1337 478 1385 ferro
492 1351 559 1399 quae
571 1337 629 1386 fusa
642 1337 769 1396 iacebant,

100 1428 217 1476 redderet
230 1445 260 1477 ac
273 1426 373 1475 tumulo
388 1426 482 1474 sineret
495 1426 632 1473 succedere
645 1434 741 1484 terrae;

102 1518 203 1564 nullum
216 1532 275 1565 cunr
288 1516 360 1564 victis
374 1521 502 1563 certarnen
516 1521 541 1562 et
554 1514 656 1562 aethere
670 1515 762 1580 cussis:

49 1611 82 1655 05
102 1614 219 1668 parceret
231 1605 375 1668 hospitibus
390 1605 521 1666 quondam
535 1604 681 1665 socerisque
695 1603 801 1651 vocatis.

103 1708 166 1755 quos
180 1694 263 1742 bonus
276 1695 387 1751 Aeneas,
403 1693 472 1740 haud
486 1693 650 1754 aspernanda
662 1691 801 1754 precantis,

102 1783 266 1844 prosequitur
279 1782 353 1829 venia
366 1788 391 1828 et
403 1781 485 1828 verbis
499 1759 566 1828 haec,
576 1781 681 1841 insuper
694 1780 774 1827 addit.

99 1860 240 1931 ‘quaenam
254 1884 298 1917 vos
312 1876 383 1917 tanto
397 1869 501 1915 fortuna
512 1869 629 1929 indigna,
645 1867 740 1926 Latini,

102 1958 222 2019 inplicuit-
234 1957 312 2014 beHo,
329 1956 371 2017 qui
385 1970 432 2002 nos
447 1956 551 2017 fugiatis
565 1957 680 2004 amicos?

51 2054 83 2096 10
103 2061 192 2108 pacem
206 2061 247 2093 me
261 2045 386 2093 exanimis
400 2051 425 2091 et
437 2045 527 2091 Martis
540 2053 608 2093 sorte
621 2044 759 2108 peremptis

104 2134 201 2182 oratis?
221 2134 341 2195 equidem
354 2140 379 2180 et
391 2132 452 2179 vivis
466 2133 607 2181 concedere
620 2134 721 2182 vellem.

104 2237 151 2270 nec
164 2223 229 2280 veui,
246 2222 294 2269 nisi
308 2222 361 2270 fata
374 2222 459 2268 iocum
473 2222 611 2284 sedemque
625 2223 770 2282 dedissent3

103 2326 150 2359 nec
164 2311 261 2358 bellurn
275 2325 333 2358 eum
346 2316 422 2370 gente
434 2324 512 2371 gero:
534 2326 579 2359 rex
592 2320 680 2359 nostra
693 2313 798 2373 reliquit

103 2400 216 2461 hospitia
229 2405 254 2446 et
266 2399 347 2446 Turni
361 2399 446 2460 potius
460 2413 486 2447 se
499 2400 608 2448 credidit
620 2401 706 2448 armis.

51 2494 83 2538 15
104 2488 211 2549 aequius
225 2487 285 2535 huic
298 2487 415 2534 Turnum
428 2486 512 2535 fuerat
524 2503 551 2536 se
564 2503 695 2551 opponere
708 2489 793 2535 morti.
833 2553 838 2559 ζ

103 2577 124 2624 si
138 2576 236 2624 bellum
249 2576 322 2623 finire
336 2590 423 2633 manu,
439 2577 460 2623 si
474 2577 569 2638 pellere
583 2577 696 2624 Teucros

104 2674 221 2726 apparat,
237 2664 276 2712 his
291 2679 391 2712 mecum
404 2665 490 2712 decuit
503 2679 655 2713 concurrere
669 2665 742 2725 telis3
