<?xml version="1.0" encoding="UTF-8"?>
<!DOCTYPE html PUBLIC "-//W3C//DTD XHTML 1.0 Transitional//EN"
    "http://www.w3.org/TR/xhtml1/DTD/xhtml1-transitional.dtd">
<html xmlns="http://www.w3.org/1999/xhtml" xml:lang="en" lang="en">
 <head>
  <title>
</title>
<meta http-equiv="Content-Type" content="text/html;charset=utf-8" />
  <meta name='ocr-system' content='tesseract 3.04.00' />
  <meta name='ocr-capabilities' content='ocr_page ocr_carea ocr_par ocr_line ocrx_word'/>
</head>
<body>
  <div class='ocr_page' id='page_1' title='image "./pvergiliusmaro01virggoog/pvergiliusmaro01virggoog_0476.png"; bbox 0 0 1816 2956; ppageno 0'>
   <div class='ocr_carea' id='block_1_1' title="bbox 253 182 811 231">
    <p class='ocr_par' dir='ltr' id='par_1_1' title="bbox 253 182 811 231">
     <span class='ocr_line' id='line_1_1' title="bbox 253 182 811 231; baseline -0.004 -2"><span class='ocrx_word' id='word_1_1' title='bbox 253 191 401 231; x_wconf 65' lang='lat' dir='ltr'>Aruernos</span> <span class='ocrx_word' id='word_1_2' title='bbox 419 191 506 229; x_wconf 81' lang='lat' dir='ltr'>LIBER</span> <span class='ocrx_word' id='word_1_3' title='bbox 524 191 567 229; x_wconf 85' lang='lat' dir='ltr'>xl.</span> <span class='ocrx_word' id='word_1_4' title='bbox 749 182 811 228; x_wconf 73' lang='grc'>457</span> 
     </span>
    </p>
   </div>
   <div class='ocr_carea' id='block_1_2' title="bbox 37 347 816 2530">
    <p class='ocr_par' dir='ltr' id='par_1_2' title="bbox 37 347 768 763">
     <span class='ocr_line' id='line_1_2' title="bbox 37 347 768 410; baseline -0.003 -14"><span class='ocrx_word' id='word_1_5' title='bbox 37 354 65 396; x_wconf 69' lang='lat'>95</span> <span class='ocrx_word' id='word_1_6' title='bbox 86 348 208 410; x_wconf 87' lang='lat' dir='ltr'>frenaque</span> <span class='ocrx_word' id='word_1_7' title='bbox 222 347 397 408; x_wconf 82' lang='lat' dir='ltr'>ferventesque</span> <span class='ocrx_word' id='word_1_8' title='bbox 411 355 489 406; x_wconf 89' lang='lat' dir='ltr'>rotas,</span> <span class='ocrx_word' id='word_1_9' title='bbox 505 362 564 409; x_wconf 92' lang='lat' dir='ltr'>pars</span> <span class='ocrx_word' id='word_1_10' title='bbox 577 361 685 395; x_wconf 88' lang='lat' dir='ltr'>munera</span> <span class='ocrx_word' id='word_1_11' title='bbox 697 355 768 406; x_wconf 89' lang='lat' dir='ltr'>nota,</span> 
     </span>
     <span class='ocr_line' id='line_1_3' title="bbox 84 435 587 498; baseline -0.004 -15"><span class='ocrx_word' id='word_1_12' title='bbox 84 437 199 498; x_wconf 91' lang='lat' dir='ltr'>ipsorum</span> <span class='ocrx_word' id='word_1_13' title='bbox 213 437 310 497; x_wconf 85' lang='lat' dir='ltr'>clipeos</span> <span class='ocrx_word' id='word_1_14' title='bbox 324 442 349 484; x_wconf 94' lang='lat' dir='ltr'>et</span> <span class='ocrx_word' id='word_1_15' title='bbox 362 450 413 482; x_wconf 90' lang='lat' dir='ltr'>non</span> <span class='ocrx_word' id='word_1_16' title='bbox 428 435 513 482; x_wconf 88' lang='lat' dir='ltr'>felicia</span> <span class='ocrx_word' id='word_1_17' title='bbox 526 436 587 483; x_wconf 89' lang='lat' dir='ltr'>tela.</span> 
     </span>
     <span class='ocr_line' id='line_1_4' title="bbox 85 523 709 585; baseline -0.002 -13"><span class='ocrx_word' id='word_1_18' title='bbox 85 527 165 573; x_wconf 88' lang='lat' dir='ltr'>multa</span> <span class='ocrx_word' id='word_1_19' title='bbox 179 525 257 572; x_wconf 89' lang='lat' dir='ltr'>bourn</span> <span class='ocrx_word' id='word_1_20' title='bbox 271 526 339 572; x_wconf 88' lang='lat' dir='ltr'>circa</span> <span class='ocrx_word' id='word_1_21' title='bbox 352 530 498 573; x_wconf 79' lang='lat' dir='ltr'>mactantur</span> <span class='ocrx_word' id='word_1_22' title='bbox 511 538 619 585; x_wconf 89' lang='lat' dir='ltr'>corpora</span> <span class='ocrx_word' id='word_1_23' title='bbox 632 523 709 571; x_wconf 89' lang='lat' dir='ltr'>Morti</span> 
     </span>
     <span class='ocr_line' id='line_1_5' title="bbox 85 612 761 675; baseline -0.003 -15"><span class='ocrx_word' id='word_1_24' title='bbox 85 615 278 675; x_wconf 82' lang='lat' dir='ltr'>saetigerosque</span> <span class='ocrx_word' id='word_1_25' title='bbox 292 627 349 660; x_wconf 91' lang='lat' dir='ltr'>sues</span> <span class='ocrx_word' id='word_1_26' title='bbox 363 621 500 674; x_wconf 86' lang='lat' dir='ltr'>raptasque</span> <span class='ocrx_word' id='word_1_27' title='bbox 514 626 546 660; x_wconf 85' lang='lat' dir='ltr'>ex</span> <span class='ocrx_word' id='word_1_28' title='bbox 560 612 678 660; x_wconf 90' lang='lat' dir='ltr'>omnibus</span> <span class='ocrx_word' id='word_1_29' title='bbox 692 612 761 674; x_wconf 85' lang='lat' dir='ltr'>agris</span> 
     </span>
     <span class='ocr_line' id='line_1_6' title="bbox 84 701 760 763; baseline -0.001 -15"><span class='ocrx_word' id='word_1_30' title='bbox 84 703 111 749; x_wconf 92' lang='lat' dir='ltr'>in</span> <span class='ocrx_word' id='word_1_31' title='bbox 124 702 253 750; x_wconf 84' lang='lat' dir='ltr'>flammam</span> <span class='ocrx_word' id='word_1_32' title='bbox 266 701 387 761; x_wconf 85' lang='lat' dir='ltr'>iugulant</span> <span class='ocrx_word' id='word_1_33' title='bbox 399 701 519 763; x_wconf 89' lang='lat' dir='ltr'>pecudes.</span> <span class='ocrx_word' id='word_1_34' title='bbox 548 707 602 747; x_wconf 88' lang='lat' dir='ltr'>tum</span> <span class='ocrx_word' id='word_1_35' title='bbox 615 701 691 748; x_wconf 90' lang='lat' dir='ltr'>litore</span> <span class='ocrx_word' id='word_1_36' title='bbox 704 707 760 748; x_wconf 92' lang='lat' dir='ltr'>toto</span> 
     </span>
    </p>

    <p class='ocr_par' dir='ltr' id='par_1_3' title="bbox 37 789 754 1026">
     <span class='ocr_line' id='line_1_7' title="bbox 37 789 717 851; baseline -0.004 -13"><span class='ocrx_word' id='word_1_37' title='bbox 37 795 65 838; x_wconf 69' lang='lat'>&gt;0</span> <span class='ocrx_word' id='word_1_38' title='bbox 84 791 197 838; x_wconf 89' lang='lat' dir='ltr'>ardentis</span> <span class='ocrx_word' id='word_1_39' title='bbox 211 796 329 851; x_wconf 89' lang='lat' dir='ltr'>spectant</span> <span class='ocrx_word' id='word_1_40' title='bbox 341 789 425 836; x_wconf 88' lang='lat' dir='ltr'>socios</span> <span class='ocrx_word' id='word_1_41' title='bbox 439 795 603 849; x_wconf 79' lang='lat' dir='ltr'>semustaque</span> <span class='ocrx_word' id='word_1_42' title='bbox 616 796 717 835; x_wconf 88' lang='lat' dir='ltr'>servant</span> 
     </span>
     <span class='ocr_line' id='line_1_8' title="bbox 84 877 754 939; baseline 0 -15"><span class='ocrx_word' id='word_1_43' title='bbox 84 879 168 935; x_wconf 77' lang='lat' dir='ltr'>busta,</span> <span class='ocrx_word' id='word_1_44' title='bbox 184 892 267 939; x_wconf 88' lang='lat' dir='ltr'>neque</span> <span class='ocrx_word' id='word_1_45' title='bbox 282 877 357 924; x_wconf 91' lang='lat' dir='ltr'>avelli</span> <span class='ocrx_word' id='word_1_46' title='bbox 371 884 487 938; x_wconf 87' lang='lat' dir='ltr'>possunt,</span> <span class='ocrx_word' id='word_1_47' title='bbox 504 891 556 923; x_wconf 87' lang='lat' dir='ltr'>nox</span> <span class='ocrx_word' id='word_1_48' title='bbox 570 877 658 924; x_wconf 88' lang='lat' dir='ltr'>umida</span> <span class='ocrx_word' id='word_1_49' title='bbox 671 877 754 924; x_wconf 89' lang='lat' dir='ltr'>donec</span> 
     </span>
     <span class='ocr_line' id='line_1_9' title="bbox 84 964 668 1026; baseline 0 -15"><span class='ocrx_word' id='word_1_50' title='bbox 84 965 187 1012; x_wconf 86' lang='lat' dir='ltr'>invertit</span> <span class='ocrx_word' id='word_1_51' title='bbox 200 965 300 1013; x_wconf 88' lang='lat' dir='ltr'>caelum</span> <span class='ocrx_word' id='word_1_52' title='bbox 314 964 394 1012; x_wconf 89' lang='lat' dir='ltr'>stellis</span> <span class='ocrx_word' id='word_1_53' title='bbox 408 965 557 1013; x_wconf 83' lang='lat' dir='ltr'>ardentibus</span> <span class='ocrx_word' id='word_1_54' title='bbox 571 971 668 1026; x_wconf 89' lang='lat' dir='ltr'>aptum.</span> 
     </span>
    </p>

    <p class='ocr_par' dir='ltr' id='par_1_4' title="bbox 118 1052 744 1114">
     <span class='ocr_line' id='line_1_10' title="bbox 118 1052 744 1114; baseline 0.002 -15"><span class='ocrx_word' id='word_1_55' title='bbox 118 1052 172 1100; x_wconf 87' lang='lat' dir='ltr'>Nec</span> <span class='ocrx_word' id='word_1_56' title='bbox 184 1053 269 1100; x_wconf 88' lang='lat' dir='ltr'>minus</span> <span class='ocrx_word' id='word_1_57' title='bbox 283 1060 308 1100; x_wconf 89' lang='lat' dir='ltr'>ct</span> <span class='ocrx_word' id='word_1_58' title='bbox 320 1053 405 1100; x_wconf 90' lang='lat' dir='ltr'>miseri</span> <span class='ocrx_word' id='word_1_59' title='bbox 420 1053 519 1101; x_wconf 85' lang='lat' dir='ltr'>diversa</span> <span class='ocrx_word' id='word_1_60' title='bbox 531 1052 558 1098; x_wconf 92' lang='lat' dir='ltr'>in</span> <span class='ocrx_word' id='word_1_61' title='bbox 571 1059 644 1114; x_wconf 89' lang='lat' dir='ltr'>parte</span> <span class='ocrx_word' id='word_1_62' title='bbox 656 1052 744 1100; x_wconf 90' lang='lat' dir='ltr'>Latini</span> 
     </span>
    </p>

    <p class='ocr_par' dir='ltr' id='par_1_5' title="bbox 83 1141 718 1203">
     <span class='ocr_line' id='line_1_11' title="bbox 83 1141 718 1203; baseline 0.002 -16"><span class='ocrx_word' id='word_1_63' title='bbox 83 1141 231 1189; x_wconf 88' lang='lat' dir='ltr'>innumeras</span> <span class='ocrx_word' id='word_1_64' title='bbox 244 1149 359 1189; x_wconf 82' lang='lat' dir='ltr'>struxere</span> <span class='ocrx_word' id='word_1_65' title='bbox 373 1155 450 1203; x_wconf 88' lang='lat' dir='ltr'>pyras</span> <span class='ocrx_word' id='word_1_66' title='bbox 465 1148 489 1189; x_wconf 93' lang='lat' dir='ltr'>et</span> <span class='ocrx_word' id='word_1_67' title='bbox 502 1155 612 1202; x_wconf 90' lang='lat' dir='ltr'>corpora</span> <span class='ocrx_word' id='word_1_68' title='bbox 624 1141 718 1203; x_wconf 90' lang='lat' dir='ltr'>partim</span> 
     </span>
    </p>

    <p class='ocr_par' dir='ltr' id='par_1_6' title="bbox 37 1229 816 1558">
     <span class='ocr_line' id='line_1_12' title="bbox 37 1229 759 1293; baseline -0.003 -15"><span class='ocrx_word' id='word_1_69' title='bbox 37 1235 63 1278; x_wconf 68' lang='lat'>³5</span> <span class='ocrx_word' id='word_1_70' title='bbox 82 1230 164 1277; x_wconf 84' lang='lat' dir='ltr'>multa</span> <span class='ocrx_word' id='word_1_71' title='bbox 178 1230 260 1277; x_wconf 90' lang='lat' dir='ltr'>virum</span> <span class='ocrx_word' id='word_1_72' title='bbox 272 1238 356 1278; x_wconf 85' lang='lat' dir='ltr'>terrac</span> <span class='ocrx_word' id='word_1_73' title='bbox 369 1229 499 1276; x_wconf 83' lang='lat' dir='ltr'>infodiunt</span> <span class='ocrx_word' id='word_1_74' title='bbox 512 1236 651 1292; x_wconf 81' lang='lat' dir='ltr'>avectaque</span> <span class='ocrx_word' id='word_1_75' title='bbox 665 1230 759 1293; x_wconf 88' lang='lat' dir='ltr'>partim</span> 
     </span>
     <span class='ocr_line' id='line_1_13' title="bbox 83 1317 721 1379; baseline 0.002 -14"><span class='ocrx_word' id='word_1_76' title='bbox 83 1319 205 1366; x_wconf 87' lang='lat' dir='ltr'>finitimos</span> <span class='ocrx_word' id='word_1_77' title='bbox 219 1319 314 1366; x_wconf 92' lang='lat' dir='ltr'>tollunt</span> <span class='ocrx_word' id='word_1_78' title='bbox 327 1319 354 1365; x_wconf 93' lang='lat' dir='ltr'>in</span> <span class='ocrx_word' id='word_1_79' title='bbox 368 1332 444 1379; x_wconf 86' lang='lat' dir='ltr'>agros</span> <span class='ocrx_word' id='word_1_80' title='bbox 459 1317 567 1379; x_wconf 89' lang='lat' dir='ltr'>urbique</span> <span class='ocrx_word' id='word_1_81' title='bbox 580 1318 721 1377; x_wconf 84' lang='lat' dir='ltr'>remittunt,</span> 
     </span>
     <span class='ocr_line' id='line_1_14' title="bbox 84 1406 730 1469; baseline 0 -15"><span class='ocrx_word' id='word_1_82' title='bbox 84 1415 168 1455; x_wconf 89' lang='lat' dir='ltr'>cetera</span> <span class='ocrx_word' id='word_1_83' title='bbox 182 1407 355 1469; x_wconf 81' lang='lat' dir='ltr'>confusaeque</span> <span class='ocrx_word' id='word_1_84' title='bbox 368 1407 499 1468; x_wconf 89' lang='lat' dir='ltr'>ingentem</span> <span class='ocrx_word' id='word_1_85' title='bbox 512 1406 598 1455; x_wconf 87' lang='lat' dir='ltr'>caedis</span> <span class='ocrx_word' id='word_1_86' title='bbox 612 1421 730 1454; x_wconf 88' lang='lat' dir='ltr'>acervom</span> 
     </span>
     <span class='ocr_line' id='line_1_15' title="bbox 82 1495 816 1558; baseline 0.001 -16"><span class='ocrx_word' id='word_1_87' title='bbox 82 1511 130 1545; x_wconf 90' lang='lat' dir='ltr'>nec</span> <span class='ocrx_word' id='word_1_88' title='bbox 149 1511 256 1544; x_wconf 91' lang='lat' dir='ltr'>numero</span> <span class='ocrx_word' id='word_1_89' title='bbox 277 1511 323 1544; x_wconf 90' lang='lat' dir='ltr'>nee</span> <span class='ocrx_word' id='word_1_90' title='bbox 347 1495 445 1543; x_wconf 88' lang='lat' dir='ltr'>honore</span> <span class='ocrx_word' id='word_1_91' title='bbox 466 1503 595 1553; x_wconf 90' lang='lat' dir='ltr'>cremant;</span> <span class='ocrx_word' id='word_1_92' title='bbox 616 1501 677 1543; x_wconf 91' lang='lat' dir='ltr'>tunc</span> <span class='ocrx_word' id='word_1_93' title='bbox 697 1496 816 1558; x_wconf 85' lang='lat' dir='ltr'>undique</span> 
     </span>
    </p>

    <p class='ocr_par' dir='ltr' id='par_1_7' title="bbox 383 1586 447 1633">
     <span class='ocr_line' id='line_1_16' title="bbox 383 1586 447 1633; baseline 0.047 -3"><span class='ocrx_word' id='word_1_94' title='bbox 383 1586 447 1633; x_wconf 86' lang='lat' dir='ltr'>vasti</span> 
     </span>
    </p>

    <p class='ocr_par' dir='ltr' id='par_1_8' title="bbox 83 1673 653 1735">
     <span class='ocr_line' id='line_1_17' title="bbox 83 1673 653 1735; baseline -0.004 -15"><span class='ocrx_word' id='word_1_95' title='bbox 83 1674 198 1720; x_wconf 84' lang='lat' dir='ltr'>certatim</span> <span class='ocrx_word' id='word_1_96' title='bbox 212 1674 306 1722; x_wconf 89' lang='lat' dir='ltr'>crebris</span> <span class='ocrx_word' id='word_1_97' title='bbox 321 1675 459 1722; x_wconf 92' lang='lat' dir='ltr'>conlucent</span> <span class='ocrx_word' id='word_1_98' title='bbox 470 1674 574 1735; x_wconf 86' lang='lat' dir='ltr'>ignibus</span> <span class='ocrx_word' id='word_1_99' title='bbox 588 1673 653 1733; x_wconf 88' lang='lat' dir='ltr'>agri.</span> 
     </span>
    </p>

    <p class='ocr_par' dir='ltr' id='par_1_9' title="bbox 37 1761 763 2177">
     <span class='ocr_line' id='line_1_18' title="bbox 37 1761 729 1822; baseline 0 -15"><span class='ocrx_word' id='word_1_100' title='bbox 37 1765 63 1807; x_wconf 85' lang='lat' dir='ltr'>lo</span> <span class='ocrx_word' id='word_1_101' title='bbox 82 1762 157 1808; x_wconf 89' lang='lat' dir='ltr'>tertia</span> <span class='ocrx_word' id='word_1_102' title='bbox 170 1763 216 1808; x_wconf 87' lang='lat' dir='ltr'>lux</span> <span class='ocrx_word' id='word_1_103' title='bbox 229 1762 342 1822; x_wconf 84' lang='lat' dir='ltr'>gelidam</span> <span class='ocrx_word' id='word_1_104' title='bbox 356 1763 428 1809; x_wconf 87' lang='lat' dir='ltr'>caclo</span> <span class='ocrx_word' id='word_1_105' title='bbox 442 1763 585 1809; x_wconf 88' lang='lat' dir='ltr'>dimoverat</span> <span class='ocrx_word' id='word_1_106' title='bbox 598 1761 729 1808; x_wconf 88' lang='lat' dir='ltr'>umbram:</span> 
     </span>
     <span class='ocr_line' id='line_1_19' title="bbox 82 1848 727 1898; baseline 0.002 -3"><span class='ocrx_word' id='word_1_107' title='bbox 82 1856 224 1896; x_wconf 88' lang='lat' dir='ltr'>maerentes</span> <span class='ocrx_word' id='word_1_108' title='bbox 238 1850 319 1896; x_wconf 89' lang='lat' dir='ltr'>altum</span> <span class='ocrx_word' id='word_1_109' title='bbox 333 1848 444 1897; x_wconf 90' lang='lat' dir='ltr'>cinerem</span> <span class='ocrx_word' id='word_1_110' title='bbox 458 1858 483 1898; x_wconf 90' lang='lat' dir='ltr'>et</span> <span class='ocrx_word' id='word_1_111' title='bbox 496 1850 605 1898; x_wconf 87' lang='lat' dir='ltr'>confusa</span> <span class='ocrx_word' id='word_1_112' title='bbox 617 1849 727 1897; x_wconf 89' lang='lat' dir='ltr'>ruebant</span> 
     </span>
     <span class='ocr_line' id='line_1_20' title="bbox 82 1936 738 1999; baseline 0.005 -18"><span class='ocrx_word' id='word_1_113' title='bbox 82 1951 141 1984; x_wconf 87' lang='lat' dir='ltr'>ossa</span> <span class='ocrx_word' id='word_1_114' title='bbox 154 1936 217 1984; x_wconf 90' lang='lat' dir='ltr'>focis</span> <span class='ocrx_word' id='word_1_115' title='bbox 231 1937 370 1999; x_wconf 92' lang='lat' dir='ltr'>tepidoque</span> <span class='ocrx_word' id='word_1_116' title='bbox 384 1938 527 1985; x_wconf 91' lang='lat' dir='ltr'>onerabant</span> <span class='ocrx_word' id='word_1_117' title='bbox 540 1952 634 1999; x_wconf 83' lang='lat' dir='ltr'>aggere</span> <span class='ocrx_word' id='word_1_118' title='bbox 647 1945 738 1985; x_wconf 88' lang='lat' dir='ltr'>terrae.</span> 
     </span>
     <span class='ocr_line' id='line_1_21' title="bbox 82 2025 692 2086; baseline 0.003 -16"><span class='ocrx_word' id='word_1_119' title='bbox 82 2025 133 2071; x_wconf 89' lang='lat' dir='ltr'>iam</span> <span class='ocrx_word' id='word_1_120' title='bbox 146 2039 206 2071; x_wconf 91' lang='lat' dir='ltr'>vero</span> <span class='ocrx_word' id='word_1_121' title='bbox 220 2026 246 2071; x_wconf 93' lang='lat' dir='ltr'>in</span> <span class='ocrx_word' id='word_1_122' title='bbox 261 2026 343 2086; x_wconf 84' lang='lat' dir='ltr'>tectis,</span> <span class='ocrx_word' id='word_1_123' title='bbox 359 2027 506 2086; x_wconf 85' lang='lat' dir='ltr'>praedivitis</span> <span class='ocrx_word' id='word_1_124' title='bbox 520 2026 583 2074; x_wconf 91' lang='lat' dir='ltr'>urbe</span> <span class='ocrx_word' id='word_1_125' title='bbox 596 2026 692 2085; x_wconf 78' lang='lat' dir='ltr'>Latini,</span> 
     </span>
     <span class='ocr_line' id='line_1_22' title="bbox 81 2113 763 2177; baseline 0.003 -18"><span class='ocrx_word' id='word_1_126' title='bbox 81 2114 233 2175; x_wconf 86' lang='lat' dir='ltr'>praecipuos</span> <span class='ocrx_word' id='word_1_127' title='bbox 247 2113 334 2174; x_wconf 87' lang='lat' dir='ltr'>fragor</span> <span class='ocrx_word' id='word_1_128' title='bbox 348 2120 373 2161; x_wconf 89' lang='lat' dir='ltr'>et</span> <span class='ocrx_word' id='word_1_129' title='bbox 385 2114 457 2176; x_wconf 89' lang='lat' dir='ltr'>longi</span> <span class='ocrx_word' id='word_1_130' title='bbox 471 2130 530 2177; x_wconf 88' lang='lat' dir='ltr'>pars</span> <span class='ocrx_word' id='word_1_131' title='bbox 543 2116 657 2163; x_wconf 87' lang='lat' dir='ltr'>maxima</span> <span class='ocrx_word' id='word_1_132' title='bbox 670 2117 763 2162; x_wconf 89' lang='lat' dir='ltr'>luctus.</span> 
     </span>
    </p>

    <p class='ocr_par' dir='ltr' id='par_1_10' title="bbox 37 2201 779 2530">
     <span class='ocr_line' id='line_1_23' title="bbox 37 2201 767 2264; baseline 0.003 -16"><span class='ocrx_word' id='word_1_133' title='bbox 37 2206 61 2248; x_wconf 79' lang='lat' dir='ltr'>l5</span> <span class='ocrx_word' id='word_1_134' title='bbox 81 2201 123 2249; x_wconf 93' lang='lat' dir='ltr'>hic</span> <span class='ocrx_word' id='word_1_135' title='bbox 137 2210 230 2249; x_wconf 87' lang='lat' dir='ltr'>matres</span> <span class='ocrx_word' id='word_1_136' title='bbox 244 2202 404 2264; x_wconf 86' lang='lat' dir='ltr'>miseraeque</span> <span class='ocrx_word' id='word_1_137' title='bbox 416 2217 505 2261; x_wconf 89' lang='lat' dir='ltr'>nurus,</span> <span class='ocrx_word' id='word_1_138' title='bbox 521 2203 564 2252; x_wconf 91' lang='lat' dir='ltr'>hic</span> <span class='ocrx_word' id='word_1_139' title='bbox 577 2219 638 2252; x_wconf 88' lang='lat' dir='ltr'>cara</span> <span class='ocrx_word' id='word_1_140' title='bbox 650 2218 767 2251; x_wconf 87' lang='lat' dir='ltr'>sororum</span> 
     </span>
     <span class='ocr_line' id='line_1_24' title="bbox 81 2292 730 2354; baseline 0.002 -17"><span class='ocrx_word' id='word_1_141' title='bbox 81 2297 187 2351; x_wconf 87' lang='lat' dir='ltr'>pectora</span> <span class='ocrx_word' id='word_1_142' title='bbox 200 2298 360 2339; x_wconf 87' lang='lat' dir='ltr'>maerentum</span> <span class='ocrx_word' id='word_1_143' title='bbox 373 2292 498 2353; x_wconf 89' lang='lat' dir='ltr'>puerique</span> <span class='ocrx_word' id='word_1_144' title='bbox 511 2292 660 2354; x_wconf 89' lang='lat' dir='ltr'>parentibus</span> <span class='ocrx_word' id='word_1_145' title='bbox 674 2292 730 2339; x_wconf 89' lang='lat' dir='ltr'>orbi</span> 
     </span>
     <span class='ocr_line' id='line_1_25' title="bbox 82 2374 779 2442; baseline 0.003 -18"><span class='ocrx_word' id='word_1_146' title='bbox 82 2379 166 2425; x_wconf 89' lang='lat' dir='ltr'>dirum</span> <span class='ocrx_word' id='word_1_147' title='bbox 181 2387 334 2426; x_wconf 86' lang='lat' dir='ltr'>execrantur</span> <span class='ocrx_word' id='word_1_148' title='bbox 347 2379 444 2427; x_wconf 91' lang='lat' dir='ltr'>bellum</span> <span class='ocrx_word' id='word_1_149' title='bbox 457 2374 592 2442; x_wconf 81' lang='lat' dir='ltr'>Turnique</span> <span class='ocrx_word' id='word_1_150' title='bbox 605 2380 762 2441; x_wconf 87' lang='lat' dir='ltr'>hymenaeos</span> <span class='ocrx_word' id='word_1_151' title='bbox 773 2396 779 2438; x_wconf 88' lang='lat'>;</span> 
     </span>
     <span class='ocr_line' id='line_1_26' title="bbox 80 2466 739 2530; baseline 0.003 -18"><span class='ocrx_word' id='word_1_152' title='bbox 80 2466 165 2528; x_wconf 90' lang='lat' dir='ltr'>ipsum</span> <span class='ocrx_word' id='word_1_153' title='bbox 179 2468 256 2514; x_wconf 89' lang='lat' dir='ltr'>armis</span> <span class='ocrx_word' id='word_1_154' title='bbox 270 2468 406 2530; x_wconf 87' lang='lat' dir='ltr'>ipsumque</span> <span class='ocrx_word' id='word_1_155' title='bbox 420 2468 510 2516; x_wconf 88' lang='lat' dir='ltr'>iubent</span> <span class='ocrx_word' id='word_1_156' title='bbox 523 2469 659 2516; x_wconf 89' lang='lat' dir='ltr'>decernere</span> <span class='ocrx_word' id='word_1_157' title='bbox 674 2469 739 2516; x_wconf 89' lang='lat' dir='ltr'>ferro</span> 
     </span>
    </p>
   </div>
   <div class='ocr_carea' id='block_1_3' title="bbox 38 2555 833 2705">
    <p class='ocr_par' dir='ltr' id='par_1_11' title="bbox 38 2555 833 2705">
     <span class='ocr_line' id='line_1_27' title="bbox 82 2555 833 2621; baseline -0.012 -20"><span class='ocrx_word' id='word_1_158' title='bbox 82 2556 125 2617; x_wconf 89' lang='lat' dir='ltr'>qui</span> <span class='ocrx_word' id='word_1_159' title='bbox 139 2571 247 2616; x_wconf 86' lang='lat' dir='ltr'>regnum</span> <span class='ocrx_word' id='word_1_160' title='bbox 259 2557 351 2605; x_wconf 87' lang='lat' dir='ltr'>Italiae</span> <span class='ocrx_word' id='word_1_161' title='bbox 369 2565 394 2605; x_wconf 88' lang='lat' dir='ltr'>et</span> <span class='ocrx_word' id='word_1_162' title='bbox 411 2557 511 2621; x_wconf 90' lang='lat' dir='ltr'>primos</span> <span class='ocrx_word' id='word_1_163' title='bbox 524 2557 577 2605; x_wconf 83' lang='lat' dir='ltr'>sibi</span> <span class='ocrx_word' id='word_1_164' title='bbox 588 2555 833 2618; x_wconf 57' lang='lat' dir='ltr'>poscatnoneres.</span> 
     </span>
     <span class='ocr_line' id='line_1_28' title="bbox 38 2633 801 2705; baseline -0.004 -19"><span class='ocrx_word' id='word_1_165' title='bbox 38 2648 55 2687; x_wconf 87' lang='lat'><strong><em>0</em></strong></span> <span class='ocrx_word' id='word_1_166' title='bbox 70 2643 191 2702; x_wconf 81' lang='lat' dir='ltr'>ingravat</span> <span class='ocrx_word' id='word_1_167' title='bbox 202 2644 269 2694; x_wconf 84' lang='lat' dir='ltr'>baec</span> <span class='ocrx_word' id='word_1_168' title='bbox 282 2661 376 2697; x_wconf 87' lang='lat' dir='ltr'>saevos</span> <span class='ocrx_word' id='word_1_169' title='bbox 390 2647 520 2700; x_wconf 88' lang='lat' dir='ltr'>Drances</span> <span class='ocrx_word' id='word_1_170' title='bbox 534 2647 689 2705; x_wconf 73' lang='lat' dir='ltr'>solumque</span> <span class='ocrx_word' id='word_1_171' title='bbox 698 2633 801 2684; x_wconf 45' lang='grc' dir='ltr'>πουλὺ</span> 
     </span>
    </p>
   </div>
   <div class='ocr_carea' id='block_1_4' title="bbox 0 0 912 2956">
    <p class='ocr_par' dir='ltr' id='par_1_12' title="bbox 0 0 912 2956">
     <span class='ocr_line' id='line_1_29' title="bbox 0 0 912 2956; baseline 0 2"><span class='ocrx_word' id='word_1_172' title='bbox 0 0 912 2956; x_wconf 95' lang='lat' dir='ltr'> </span> 
     </span>
    </p>
   </div>
  </div>
 </body>
</html>
