1816 2956
85 198 145 248 296
322 209 348 247 Ρ.
366 207 488 248 vnnornr
507 207 639 247 Manoms

154 363 244 428 Cocyti
257 372 349 426 stagna
362 365 416 412 alta
427 365 497 412 vides
511 363 679 427 Stygiamque
691 367 822 428 paludem,

154 453 179 500 di
193 453 266 501 cuius
278 453 363 501 iurare
376 453 467 502 timent
480 461 505 501 et
517 452 607 502 fallere
619 469 724 502 numen.

81 545 133 588 325
152 541 217 590 haec
235 541 319 589 omnis
338 555 417 603 quam
436 542 519 589 cernis
538 542 613 605 inops
629 543 816 606 inhumataque
829 553 882 592 tur·

447 629 512 688 bost,

151 717 262 780 portitor
273 717 318 766 ille
332 715 447 777 Charon,
464 717 490 764 hi
504 733 569 780 quos
583 718 652 766 vehit
664 720 735 766 unda
747 721 850 782 sepulti.

152 819 200 854 nec
213 806 282 869 ripas
296 806 372 854 datur
384 806 524 854 horrendas
538 814 563 854 et
575 822 655 855 rauca
666 808 763 855 fluenta

152 902 326 957 transportare
338 895 409 958 prius
423 910 501 957 quam
514 895 617 942 sedibus
631 910 690 943 ossa
703 897 833 958 quierunt.

152 990 255 1032 centum
274 991 361 1032 errant
379 999 461 1032 annos
481 984 641 1046 volitantque
660 983 724 1033 haec
743 985 821 1033 litora
834 987 882 1034 cir·

453 1087 529 1132 cum3

80 1165 132 1208 ³30
151 1169 205 1208 tum
219 1161 322 1208 demum
335 1159 439 1207 admissi
453 1167 546 1221 stagna
558 1169 680 1224 exoptata
692 1155 825 1209 reuisnnt.²

152 1249 267 1297 constitit
278 1248 394 1297 Anchisa
406 1256 476 1296 satus
491 1257 517 1297 ct
529 1250 635 1311 vestigia
648 1250 749 1312 pressit,

150 1338 233 1386 multa
261 1344 354 1401 putans
383 1344 530 1400 sortemque
560 1339 647 1386 aniano
671 1339 807 1386 miseratus
832 1341 882 1387 ini·

453 1442 540 1488 quam.

151 1515 233 1563 cernit
243 1514 279 1562 ibi
292 1522 405 1563 maestos
418 1522 444 1562 et
455 1516 544 1563 mortis
558 1516 657 1564 honore
671 1524 786 1564 carentes

149 1602 304 1666 Leucaspim
318 1610 343 1651 at
354 1602 451 1665 Lyciae
464 1604 596 1652 ductorem
610 1605 699 1652 classis
713 1603 840 1665 Oronten,

79 1696 130 1739 335
151 1706 215 1754 quos
229 1693 305 1740 simul
319 1708 335 1740 a
347 1693 426 1740 Troia
439 1700 545 1740 ventosa
558 1707 604 1755 per
617 1708 731 1755 aequora
743 1702 829 1742 vectos

150 1781 236 1828 obruit
248 1788 347 1840 auster,
366 1796 435 1843 aqua
447 1781 579 1828 involvens
593 1795 736 1843 navemque
748 1783 880 1846 virosque.

185 1869 252 1918 Ecce
264 1870 422 1931 gubernator
435 1883 490 1918 sese
503 1869 642 1917 Palinurus
656 1870 758 1931 agebat,

151 1958 194 2020 qui
207 1958 305 2020 Libyco
319 1973 401 2021 nuper
415 1973 499 2016 cursu,
516 1959 577 2005 dum
591 1959 677 2006 sidera
689 1968 781 2018 servat,

150 2033 281 2095 exciderat
294 2048 373 2110 puppi
387 2047 477 2095 mediis
491 2047 586 2094 effusus
600 2048 626 2094 in
639 2048 724 2094 undis.

79 2141 131 2183 340
150 2135 219 2183 hunc
232 2135 275 2182 ubi
288 2136 331 2183 vix
344 2137 426 2184 multa
438 2143 565 2183 maestum
578 2136 700 2197 cognovit
712 2137 738 2182 in
752 2137 856 2198 umbra,

149 2224 186 2272 sic
199 2224 269 2285 prior
282 2225 440 2287 adloquitur.
465 2213 534 2286 ‘quis
548 2233 580 2282 te,
596 2224 727 2282 Palinure,
743 2226 853 2274 deorum

150 2313 244 2374 eripuit
256 2312 331 2360 nobis
345 2313 481 2375 medioque
494 2313 541 2360 sub
557 2328 669 2375 aequora
683 2313 790 2360 mersit?

150 2401 191 2449 dic
204 2415 261 2463 age.
295 2415 408 2463 namque
426 2402 506 2461 mihi,
527 2401 609 2449 fallax
628 2402 697 2450 haud
717 2409 776 2449 ante
794 2417 884 2466 reper-

449 2497 499 2547 tut,

142 2578 197 2626 hoc
209 2592 263 2626 uno
276 2592 401 2642 responso
415 2579 530 2625 animum
545 2578 639 2626 delusit
652 2578 759 2640 Apollo,

49 2667 107 2711 345
130 2668 181 2728 qui
192 2668 254 2720 fore
268 2677 293 2720 te
306 2679 392 2735 ponto
407 2669 568 2720 incolumem
578 2666 688 2729 huicque
699 2666 808 2714 canebat
