1816 2956
90 157 150 206 506
329 165 355 206 r.
371 165 494 206 venerer
514 163 644 206 unumne

158 330 202 371 eut
215 323 258 370 ubi
272 323 382 371 decursu
394 322 486 386 rapido
500 322 675 371 dementibus
688 324 748 372 eltis

158 413 221 460 dant
233 412 347 459 sonitum
359 412 475 474 spumosi
488 426 576 460 amnes
585 418 611 460 et
620 412 646 459 in
658 426 777 475 aequore
788 423 893 463 currunt

88 506 137 550 525
158 501 266 563 quisque
279 516 353 548 suom
366 501 506 563 populatus
519 500 575 559 iter,
592 514 644 547 non
657 502 765 563 segnius
780 505 860 552 umbo

157 589 260 637 Aeneas
274 589 429 651 Turnusque
441 596 519 636 ruont
532 603 577 651 per
590 589 697 651 proelia.
726 605 810 652 nunc,
826 608 891 641 nunc

157 677 265 726 fluctuat
277 677 316 725 ire
328 678 405 736 intus,
422 685 576 739 rumpuntur
589 678 678 726 nescia
690 679 761 728 vinei

158 775 272 830 pectora,
288 780 357 814 nunc
370 767 429 813 totis
442 766 469 812 in
483 767 589 814 volnere
601 767 697 814 viribus
711 767 775 815 itur.

159 857 310 904 Murranum
323 855 374 912 hic,
390 862 477 902 atavos
488 861 513 903 et
523 870 628 902 avorum
638 855 892 917 entiquesoncntcm

89 950 139 993 530
160 945 265 993 nomina
283 958 329 1007 per
341 958 466 1005 regesque
486 953 572 991 actum
584 958 664 1005 genus
679 958 760 994 omne
775 947 890 1004 Latinos,

159 1033 326 1096 praecipitem
339 1033 447 1094 scopulo
460 1040 538 1094 atque
551 1033 662 1094 ingentis
676 1032 787 1084 turbine
800 1037 857 1086 sexi

159 1122 255 1170 excutit
268 1122 428 1183 effunditque
441 1121 513 1168 solo:
536 1121 604 1168 hunc
620 1121 676 1168 lore
689 1127 716 1168 et
728 1121 797 1184 iuga
810 1124 893 1172 subter

158 1211 307 1275 provolvere
320 1217 400 1268 rotae,
417 1209 506 1257 crebro
520 1224 597 1271 super
609 1209 709 1270 ungule
721 1212 806 1272 pulsu

158 1300 237 1347 incita
251 1314 297 1347 nec
310 1298 409 1346 domini
422 1312 565 1346 memorum
578 1298 714 1360 proculcat
726 1313 868 1362 equorum.

89 1393 139 1437 535
159 1389 203 1436 illc
216 1389 300 1436 ruenti
315 1387 391 1449 Hyllo
405 1387 549 1448 animisque
562 1387 665 1434 inmane
679 1386 806 1437 frementi

160 1477 271 1525 occurrit
284 1478 414 1538 telumque
428 1485 520 1524 aurate
533 1476 565 1522 ed
579 1483 696 1537 tempore
710 1483 836 1541 torquet:

159 1566 205 1613 olli
219 1580 265 1628 per
278 1567 381 1627 galeam
394 1565 445 1612 iixo
459 1565 528 1612 stetit
541 1564 616 1612 haste
629 1564 746 1612 cerebro.

160 1655 265 1702 dextera
278 1670 325 1702 nee
339 1662 383 1702 tua
396 1661 429 1712 te,
445 1652 552 1701 Graium
566 1653 705 1701 fortissime
719 1652 850 1716 Cretheu,

160 1744 254 1805 eripuit
267 1744 365 1790 Turno.
394 1757 441 1790 nee
456 1743 480 1789 di
495 1749 580 1789 texere
595 1741 761 1803 Cupencum,

90 1839 140 1880 540
160 1835 250 1881 Aenea
263 1833 389 1890 veniente,
405 1831 460 1889 sui3
482 1831 551 1878 dedit
565 1831 639 1878 obvia
653 1830 721 1877 ferro

160 1929 265 1983 pectore
278 1935 326 1972 nec
339 1922 432 1968 misero
446 1919 521 1980 clipei
536 1934 609 1966 meru
621 1919 718 1980 profuit
731 1925 817 1972 aerei.

161 2017 185 2057 tc
199 2024 302 2070 quoque
316 2009 458 2056 Laurentes
472 2009 598 2064 viderunt,
615 2007 706 2066 Aeole,
723 2014 817 2076 earnpi

161 2105 282 2159 oppetere
296 2105 320 2145 ct
334 2099 385 2145 late
399 2105 492 2144 terrum
506 2105 667 2144 consternere
681 2103 776 2157 tergo:

160 2186 265 2243 occidis,
282 2187 393 2246 Argivae
407 2201 483 2248 quem
496 2200 549 2232 non
563 2192 667 2246 potuere
681 2185 837 2251 phalanges

91 2281 139 2322 545
160 2282 272 2321 sternere
286 2289 332 2322 nee
346 2275 441 2321 Priami
456 2289 594 2335 regnorum
608 2288 710 2320 eversor
725 2275 868 2337 Achilles;

160 2363 202 2409 hic
216 2362 261 2408 tibi
275 2364 364 2410 mortis
379 2373 451 2411 erant
464 2371 556 2421 metue,
573 2363 663 2409 domus
678 2364 800 2415 ultusub
815 2368 871 2425 Idu,

160 2450 267 2512 Lyrnesi
282 2452 372 2498 domus
387 2452 448 2509 altu,
464 2454 520 2499 solo
534 2451 863 2513 Laurentesepulchrum.

160 2548 229 2587 totae
242 2540 308 2587 adeo
323 2554 461 2588 conversae
475 2541 543 2588 acies
557 2554 698 2600 omnesque
712 2540 818 2604 Latini,

161 2643 250 2676 omnes
263 2627 439 2687 Dardanidae,
455 2628 604 2677 Mnestheus
619 2641 730 2690 acerque
746 2629 869 2683 Serestus
