1816 2956
318 195 344 232 P.
362 194 483 234 vanam
503 195 633 235 MARONIS

126 353 182 415 ipsa
195 351 240 399 tibi
254 351 364 400 blandos
378 352 487 399 fundent
499 353 629 401 cunabula
641 353 726 401 flores.

125 441 226 488 occidet
237 447 262 488 et
274 455 379 502 serpens
392 448 417 489 et
429 441 511 489 fallax
522 441 602 489 herba
615 442 705 490 veneni

73 535 105 577 25
126 530 241 588 occidet3
263 530 397 591 Assyrium
409 530 486 590 volgo
500 538 620 578 nascetur
633 545 775 578 amomum.

126 626 151 666 at
164 619 240 666 simul
254 619 361 666 heroum
375 619 463 666 larrdcs
477 625 502 666 et
514 619 583 666 sacta
595 619 709 680 parentis

124 707 177 754 iam
190 707 275 768 legere
290 714 314 754 et
327 721 394 768 quae
407 707 440 755 sit
452 707 547 769 poteris
561 721 718 768 cognoscere
732 708 824 767 virtus,

124 796 197 843 molli
210 795 347 858 paullatim
359 795 478 844 flavescet
495 811 600 857 campus
615 796 693 842 arist-a

124 884 280 946 incultisque
292 883 386 932 rubens
399 883 521 946 pendebit
533 884 647 932 sentibus
661 899 710 931 uva

72 977 105 1020 30
125 981 150 1019 et
163 973 241 1020 durae
255 987 364 1034 quercus
378 972 508 1019 sudabunt
520 973 623 1020 roscida
635 973 723 1020 mella.

98 1120 101 1125 ἢ
124 1076 208 1123 pauca
220 1068 306 1109 tamen
320 1061 443 1108 suberunt
454 1061 554 1123 priscae
566 1061 674 1122 vestigia
686 1061 796 1121 fraudis,

125 1165 191 1211 quae
204 1157 329 1212 temptare
336 1149 439 1196 'shetim
452 1149 558 1208 ratibus,
575 1164 641 1211 quae
655 1150 761 1209 cingere
774 1150 839 1198 mart

125 1239 229 1301 oppida,
245 1253 312 1300 qnae
324 1238 429 1285 iubeant
442 1238 527 1285 telluri
541 1237 667 1285 infindere
682 1239 779 1286 sulcos.

125 1328 189 1375 alter
201 1327 250 1376 erit
261 1334 315 1378 tum
328 1326 424 1388 Tiphys
438 1327 557 1374 etaltera
570 1341 636 1388 qum
649 1326 725 1373 vehat
738 1329 813 1389 Argo

72 1421 104 1463 35
125 1416 237 1464 delectos
251 1415 351 1473 heroas,
368 1420 443 1462 erunt
455 1415 532 1462 etiam
547 1415 627 1462 altera
641 1415 708 1462 heila

124 1512 201 1565 atqua
213 1504 306 1552 iterum
319 1504 350 1551 ad
358 1503 465 1551 Troiam
477 1518 586 1564 magnus
599 1503 712 1550 mittetur
721 1504 839 1552 Achilles

125 1593 185 1640 hinc
198 1592 241 1640 ubi
254 1593 306 1640 iam
320 1592 421 1639 firmata
433 1592 515 1638 virum
529 1599 552 1638 te
566 1591 654 1638 iecerit
667 1599 747 1650 netas,

124 1682 198 1729 cedet
210 1681 301 1744 etipse
314 1681 378 1728 mari
391 1687 478 1728 vector
490 1694 537 1727 nec
551 1680 655 1727 nautica
667 1680 743 1742 pinus
788 1741 789 1744 Ἴ

124 1770 233 1817 mutabit
245 1783 351 1826 merces,
367 1768 450 1815 omnis
464 1768 527 1815 seret
540 1768 627 1814 omnia
640 1769 723 1816 tellus.

71 1864 104 1906 40
124 1873 177 1906 non
190 1865 284 1905 rastros
298 1857 409 1919 patietur
421 1856 522 1913 humus,
538 1871 590 1903 non
603 1858 679 1904 vinea
691 1857 802 1917 falecm3

124 1946 242 1994 robustus
256 1960 360 2008 quoquo
373 1946 425 1992 iam
438 1946 516 1992 tauris
529 1946 592 2006 iuga
605 1947 687 1993 solvet
699 1953 802 2004 craton

123 2050 171 2083 nec
184 2035 267 2082 varios
281 2034 361 2082 discet
373 2033 475 2082 mentiri
488 2035 548 2081 lana
561 2035 669 2092 colores,

123 2124 178 2186 ipse
191 2124 234 2171 sed
248 2124 275 2170 in
288 2123 366 2185 pratis
381 2123 446 2170 aries
459 2123 511 2169 iam
524 2137 601 2169 suave
614 2122 713 2169 rubenti

123 2212 229 2270 murice,
244 2213 297 2259 iam
310 2226 400 2259 crocco
413 2210 523 2258 mutabit
535 2211 630 2259 vellera
642 2211 711 2268 lut03

71 2307 102 2349 45
123 2309 215 2363 sponte
228 2315 275 2348 sua
287 2300 387 2360 sandyx
399 2299 527 2360 pascentis
540 2299 630 2346 vestiet
643 2314 733 2359 agnos.

120 2379 194 2438 ‘talia
206 2379 300 2436 saecla‘
313 2388 365 2435 suis
379 2388 499 2435 dixerunt
508 2377 620 2435 ‘currite'
633 2387 695 2434 fusis

124 2478 264 2527 concordes
277 2477 362 2524 stabili
377 2476 488 2524 fatorum
501 2476 606 2523 numine
619 2490 721 2536 parcae.

109 2567 257 2634 adgredere
271 2583 287 2616 ο
300 2582 414 2632 magnos
429 2565 528 2631 (aderit
537 2565 594 2613 iam
604 2562 839 2623 temnuntuoncrer

94 2669 159 2703 cara
175 2659 259 2710 derrm
275 2662 398 2724 suboles,
416 2672 553 2724 magnum
562 2653 637 2704 ionia
647 2652 839 2698 incrementum
