1816 2956
257 213 405 253 AENEIDOS
423 214 510 252 LIBER
525 215 555 252 11.
744 207 804 254 179

78 371 190 432 cingitur
203 386 233 418 ac
247 371 340 418 densos
354 370 433 418 fertur
446 371 584 418 moriturus
598 372 624 418 in
638 370 751 420 hostes'

77 459 184 508 aedibus
197 459 222 506 in
237 459 327 507 mediis
341 460 462 521 nudoque
476 459 521 507 sub
536 461 646 508 aetheris
661 476 709 509 axe

77 549 168 609 ingens
182 563 227 596 ara
240 548 288 595 suit
300 548 424 610 iuxtaque
438 548 572 597 veterrima
585 550 682 608 laurus,

77 636 229 685 incumbens
243 651 302 684 arae
316 644 393 699 atque
406 636 497 685 umbra
511 637 638 699 conplexa
656 645 770 701 penates.

29 731 56 774 l5
77 725 120 772 hic
132 724 240 773 Hecuba
253 733 277 774 et
290 733 367 774 natae
380 724 538 788 nequiquam
552 726 645 774 altaria
659 728 764 785 circum,

77 813 230 876 praecipites
244 821 300 863 atra
313 829 360 862 eeu
373 821 524 876 tempestate
538 814 683 874 columbae,

77 903 223 950 condensae
237 911 262 951 et
275 903 360 950 divom
374 903 509 964 amplexae
522 903 661 951 simulacra
674 904 808 953 sedebant.

77 992 163 1054 ipsum
180 999 267 1040 autem
279 991 387 1053 sumptis
400 991 532 1038 Priamum
549 991 711 1039 iuvenalibus
729 993 809 1041 armis

76 1088 105 1127 ut
117 1080 190 1139 vidit,
202 1070 280 1145 ‘quae
293 1094 365 1128 mens
379 1087 431 1128 tam
445 1081 509 1138 dira,
526 1078 668 1127 miserrime
682 1082 807 1141 coniunx,

29 1173 56 1217 20
77 1169 172 1231 inpulit
184 1168 224 1216 his
239 1169 307 1230 cingi
321 1168 398 1217 telis?
418 1175 462 1217 aut
475 1184 526 1231 quo
540 1160 619 1215 ruis?³
637 1169 729 1230 inquit.

73 1247 137 1304 ‘non
151 1258 198 1306 tali
211 1257 310 1305 auxilio
324 1272 371 1305 nee
385 1256 562 1305 defensoribus
576 1257 631 1304 istis

77 1352 176 1408 tempus
190 1354 262 1406 eget3
281 1360 343 1404 nou,
359 1346 379 1393 si
393 1346 448 1408 ipse
461 1361 533 1394 meus
546 1361 615 1394 nunc
630 1346 729 1395 adseret
742 1347 810 1396 Hee-

378 1442 427 1481 tor.

76 1522 127 1570 huo
140 1522 245 1570 tandem
258 1523 386 1581 coneede3
406 1522 470 1571 haec
484 1539 529 1572 ara
542 1524 655 1572 tuebitur
669 1525 762 1582 omnis,

77 1617 121 1658 aut
134 1611 244 1658 moriere
257 1602 353 1659 simul.’
378 1611 414 1659 sie
428 1626 471 1659 ore
485 1612 562 1661 effata
575 1613 672 1675 recepit

29 1704 56 1747 25
76 1699 109 1747 ad
123 1713 179 1747 sese
193 1707 218 1747 ot
230 1714 304 1746 sacra
317 1701 471 1760 longaevom
484 1701 511 1747 in
525 1702 586 1749 sede
600 1701 703 1749 locarit.

111 1787 178 1836 Eece
192 1794 277 1835 autem
291 1789 393 1850 elapsus
407 1788 498 1850 Pyrrhi
513 1790 543 1837 de
559 1791 637 1838 caede
650 1790 758 1849 Polites,

76 1891 143 1924 unus
162 1885 281 1925 natorum
295 1875 400 1936 Priami,
416 1892 462 1939 per
475 1877 535 1936 tela,
551 1893 596 1941 per
609 1879 700 1937 hostis,

75 1965 217 2028 porticibus
232 1964 316 2025 longis
330 1964 397 2026 fugit
410 1974 434 2013 et
446 1981 527 2014 vacua
541 1967 606 2016 atria
619 1968 711 2015 lustrat

76 2054 187 2101 saucius.
216 2053 290 2101 illum
304 2054 396 2101 ardens
410 2054 503 2103 infesto
517 2057 621 2104 volnere
634 2057 746 2118 Pyrrhus

29 2147 56 2190 l0
75 2142 228 2204 insequitur,
243 2143 294 2190 iam
307 2142 410 2205 iamque
422 2159 500 2192 manu
513 2150 581 2192 tenet
589 2152 613 2193 et
621 2146 714 2207 premit
722 2146 806 2195 hasta.

75 2238 103 2278 ut
116 2231 221 2279 tandem
234 2238 294 2279 ante
308 2232 398 2279 oeulos
412 2233 493 2281 evasit
505 2240 530 2280 et
543 2249 588 2282 ora
602 2243 746 2296 parentum,

76 2320 189 2368 concidit
202 2335 232 2368 ac
246 2320 327 2367 multo
340 2319 419 2367 vitam
433 2337 491 2369 cum
504 2322 631 2383 sanguine
644 2323 718 2370 fudit.

75 2409 118 2456 hic
131 2408 264 2467 Priamus,
287 2422 444 2470 quamquam
464 2411 490 2457 in
508 2411 594 2459 media
612 2411 664 2459 iam
676 2419 758 2460 morte
772 2419 809 2460 te·

380 2506 463 2558 netur,

74 2599 128 2632 non
143 2593 227 2634 tamen
243 2585 367 2633 abstinuit
379 2601 427 2635 nee
439 2587 495 2635 voci
509 2587 615 2648 iraeque
628 2587 757 2650 pepercit:

71 2663 80 2682 ι
136 2675 140 2684 “
162 2675 167 2686 “
338 2666 346 2685 ¹
511 2665 519 2684 t
626 2676 632 2686 “
750 2675 756 2686 “
770 2689 776 2700 x

29 2679 54 2723 35
84 2683 111 2722 at
123 2674 168 2722 trbr
183 2689 229 2736 pro
243 2675 339 2723 scelere
360 2676 501 2735 exclamat,
525 2691 574 2740 pro
587 2675 691 2726 talibus
703 2689 794 2729 ausis,

605 2753 670 2807 ra*
