1816 2956
306 184 455 224 annnmos
478 185 564 223 mnne
581 185 621 224 ιν.
802 176 862 224 245

65 348 115 392 630
171 342 243 390 Haec
256 341 301 400 ait,
317 347 342 390 et
354 341 433 404 partis
447 341 562 389 animum
574 341 692 390 versabat
704 342 731 389 in
744 343 837 401 omnis,

135 432 379 494 invisamqnuerens
393 445 471 492 quam
484 430 595 492 primum
603 431 755 494 abrumpere
768 431 862 479 lucem.

135 527 190 568 tum
203 518 313 568 breviter
324 518 426 567 Barcen
439 518 566 566 nutricem
579 519 666 568 adfata
679 518 803 582 Sychaei:

136 621 250 671 namque
262 621 337 655 snam
350 607 434 670 patria
446 607 554 670 antiqua
567 608 631 656 cinis
644 616 699 658 ater
712 608 832 657 habebat.

134 686 252 746 ‘Annam
265 711 326 744 cara
336 695 400 744 mihi
414 696 501 743 nutrix
514 695 564 744 huc
577 697 638 745 siste
651 712 780 746 sororem:

62 791 115 836 635
136 785 179 835 dic
191 799 284 848 corpus
297 791 418 848 properet
430 784 526 832 flumali
539 799 661 847 spargere
674 786 779 848 lympha

136 882 162 924 et
173 874 284 938 pecudes
297 888 386 922 secum
399 880 424 922 et
436 880 578 921 monstrata
590 874 695 936 piacula
708 874 799 933 ducat;

135 964 174 1012 sie
185 963 273 1011 veniat
284 968 363 1025 tuque
376 962 434 1024 ipsa
446 961 490 1024 pia
502 968 560 1024 tege
573 969 690 1026 tempora
702 962 772 1010 vitta.

135 1067 210 1102 sacra
221 1050 277 1099 Iovi
291 1049 381 1114 Stygio
395 1051 522 1114 quaerite
535 1051 638 1114 incepta
650 1051 739 1115 paravi

136 1141 259 1205 perficere
272 1146 310 1189 est
323 1140 424 1187 animus
437 1139 566 1202 finemque
579 1140 703 1203 inponere
717 1140 785 1189 curis

62 1237 115 1282 640
135 1229 315 1292 Dardaniique
327 1243 419 1289 rogum
433 1228 523 1291 capitis
537 1230 684 1291 permittere
696 1221 824 1277 flammis.'

136 1320 173 1368 sic
186 1319 230 1366 ait.
257 1318 304 1365 illa
315 1317 426 1378 gradum
439 1317 524 1365 studio
538 1318 668 1367 celerabat
680 1318 784 1366 anilem.

135 1416 163 1457 at
175 1407 276 1470 trepida
288 1412 313 1455 et
326 1406 423 1467 coeptis
436 1405 583 1454 inmanibus
597 1407 676 1455 effera
687 1407 767 1465 Dido,

135 1496 305 1557 sanguineam
317 1495 422 1542 volvens
435 1495 517 1543 aciem
530 1496 691 1558 maculisque
704 1495 836 1545 trementia

135 1585 262 1633 interfusa
273 1598 354 1646 genas
369 1591 394 1632 et
406 1584 505 1646 pallida
517 1591 599 1632 morte
613 1583 707 1642 futura,

60 1680 114 1724 645
136 1673 260 1722 interiora
272 1673 364 1721 domus
375 1673 500 1735 inrumpit
513 1673 604 1720 limina
617 1680 642 1720 et
655 1673 721 1720 altos

136 1762 287 1811 conscendit
298 1762 437 1810 furibunda
451 1775 527 1822 rogos
541 1775 680 1823 ensemque
693 1760 803 1809 recludit

135 1851 307 1911 Dardanium,
323 1866 376 1899 non
389 1852 437 1899 hos
451 1850 596 1912 quaesitum
609 1864 702 1898 munus
716 1849 743 1896 in
756 1863 827 1897 usus.

135 1939 179 1988 hic
191 1948 329 2003 postquam
341 1940 435 1989 Iliacas
448 1946 529 1986 vestes
542 1945 684 2001 notumque
698 1938 783 1987 cubile

135 2029 270 2092 conspexit
282 2030 400 2092 paullum
414 2027 525 2076 lacrimis
539 2035 565 2076 et
577 2034 663 2075 mente
675 2036 785 2088 morata,

59 2125 115 2171 650
135 2118 304 2181 incubuitque
317 2125 373 2165 toro
388 2115 504 2178 dixitque
518 2117 657 2164 novissima
669 2117 756 2166 verba.

133 2197 232 2255 ‘dulces
245 2207 353 2256 exuviae
366 2207 428 2253 dum
441 2205 494 2252 fata
507 2206 622 2268 deusque
635 2205 744 2264 sinebat,

136 2295 246 2358 accipite
259 2295 327 2343 hanc
341 2294 455 2342 animam
468 2308 560 2356 meque
573 2295 613 2343 his
627 2295 738 2344 exolvite
750 2295 828 2343 curis.

136 2384 187 2433 vixi
201 2391 316 2447 atquem
329 2384 434 2432 dederat
447 2398 549 2431 cursum
562 2385 677 2432 Fortuna
690 2384 777 2446 peregi

137 2480 162 2521 et
174 2487 244 2521 nnnc
256 2486 352 2533 magna
365 2472 415 2520 mei
429 2471 476 2519 sub
490 2479 569 2521 terras
582 2473 630 2521 ibit
641 2474 737 2534 imago.

59 2568 113 2613 655
135 2562 225 2610 urbem
239 2562 398 2623 praeclaram
412 2561 498 2619 statui,
515 2577 573 2610 mea
586 2561 689 2610 moenia
701 2560 763 2618 vidi,

134 2653 190 2700 ulta
201 2651 282 2698 virum
296 2665 394 2713 poenas
407 2650 513 2699 inimico
528 2666 544 2700 a
556 2651 637 2700 fratre
648 2649 751 2713 recepi,
