1816 2956
299 176 448 217 saturnos
467 177 555 218 LIBER
568 178 599 217 11.
788 170 844 218 161

67 339 100 383 40
156 334 257 383 Primus
276 334 312 382 ibi
332 342 391 383 ante
411 335 509 394 omnis,
536 349 631 397 magna
650 335 789 384 eomitante
808 351 849 385 ea·

422 430 501 482 terve,

119 512 245 561 Laocoon
259 512 351 561 ardens
365 526 466 559 summa
479 512 590 561 decurrit
603 511 635 560 ab
650 526 724 582 aree.

119 608 145 650 et
157 600 249 664 procul
258 591 286 649 ‘o
299 601 394 660 miseri,
411 614 477 663 quae
490 607 563 649 tanta
574 601 684 660 insania,
700 600 784 651 cives?

120 689 224 739 creditis
238 696 339 738 evectos
352 689 433 736 hostis
447 697 492 737 aut
505 690 561 737 ulla
572 690 668 752 putatis

119 779 190 826 dona
203 793 289 826 carere
302 777 370 827 dolis
382 777 522 826 Danaum?
542 778 579 826 sic
592 785 668 826 notus
681 778 789 828 Ulixes?

64 871 99 916 45
118 873 164 914 aut
176 866 227 915 hoc
239 866 334 915 inclusi
347 866 418 928 ligno
432 867 595 915 occultantur
607 867 699 915 Achivi

120 961 164 1003 aut
177 955 241 1003 haec
253 955 280 1004 in
295 960 396 1002 nostros
409 954 535 1003 fabricata
548 961 586 1003 est
598 955 719 1003 machina
732 970 827 1015 muros,

119 1044 268 1107 inspectura
280 1042 371 1091 domos
384 1050 542 1106 venturaque
556 1043 666 1106 desuper
678 1043 744 1102 urbi,

120 1140 165 1182 aut
177 1131 272 1194 aliquis
286 1130 349 1179 latet
361 1145 446 1179 error:
467 1146 533 1195 equo
546 1147 579 1181 nc
593 1132 697 1190 credite,
713 1131 815 1181 Teucri.

119 1221 246 1284 quidquid
260 1220 286 1268 id
300 1227 346 1280 est,
362 1220 440 1267 timeo
453 1220 560 1268 Danaos
574 1226 599 1268 et
612 1220 681 1268 dona
694 1212 824 1270 ferentes?

10 1300 23 1333 ÷·
63 1316 99 1360 50
119 1310 158 1359 sie
169 1309 237 1357 fatus
249 1308 343 1356 validis
355 1308 488 1370 ingentem
501 1307 596 1356 viribus
610 1308 711 1357 hastam

117 1399 146 1447 in
159 1398 227 1447 latus
240 1397 318 1460 inque
331 1396 378 1445 seri
392 1411 496 1445 curvam
510 1397 669 1459 conpagibus
684 1399 770 1446 alvom

118 1486 252 1536 contorsit.
280 1485 349 1533 stetit
361 1485 409 1533 illa
422 1493 532 1534 tremens
545 1493 670 1548 uteroque
683 1501 787 1535 recusso

116 1576 255 1624 insonuere
268 1587 346 1622 carae
358 1574 533 1637 gemitumque
547 1574 640 1622 dedere
653 1589 786 1624 cavernae.

117 1663 176 1712 etsi
189 1662 243 1711 fata
256 1661 341 1721 deum,
357 1662 378 1709 si
392 1677 464 1710 mens
477 1677 531 1710 non
544 1664 617 1712 laeva
630 1664 728 1723 fuisset,

61 1757 95 1802 55
117 1752 249 1814 inpulerat
261 1750 328 1799 ferro
341 1751 480 1811 Argolicas
493 1751 598 1800 foedare
612 1752 733 1811 latebras,

115 1840 247 1903 Troiaque
259 1853 329 1887 nnnc
342 1847 421 1888 stares
435 1839 583 1902 Priamique
596 1855 642 1888 arx
654 1841 707 1888 alta
717 1855 843 1890 maneres.

151 1927 227 1988 Ecce,
247 1943 338 1976 manus
351 1928 470 1977 iuvenem
482 1928 581 1977 interea
594 1936 652 1991 post
665 1935 737 1991 terga
749 1930 846 1978 revine-

418 2024 474 2064 tum

115 2113 231 2170 pastores
244 2121 339 2168 magno
354 2106 385 2153 ad
400 2119 487 2166 regern
500 2105 614 2153 elamore
627 2105 764 2155 trahebant

114 2195 292 2253 Dardanidae,
308 2195 352 2257 qui
367 2208 393 2244 se
407 2193 525 2255 ignotum
537 2193 697 2242 venientibus
710 2195 788 2254 ultro,

59 2291 94 2335 60
115 2285 167 2333 hoc
179 2284 264 2347 ipsum
277 2291 306 2331 ut
318 2290 427 2331 strueret
438 2283 596 2345 Troiamque
610 2283 841 2346 aperiretAchivis‚

115 2373 254 2437 optulerat,
268 2372 349 2420 fidens
363 2371 442 2419 animi
455 2379 532 2434 atque
543 2371 570 2418 in
582 2378 719 2434 utrumque
727 2380 840 2434 paratus,

114 2477 160 2511 seu
173 2475 274 2510 versare
288 2461 363 2508 dolos
376 2474 421 2508 seu
435 2466 519 2508 certae
533 2460 685 2509 occumbere
698 2461 784 2508 morti.

113 2551 230 2614 undique
243 2549 342 2597 visendi
356 2549 441 2596 studio
455 2548 570 2596 Troiana
582 2549 700 2598 iuventus

114 2638 271 2688 circumfusa
283 2637 335 2685 ruit
348 2643 498 2700 certantque
511 2637 630 2687 inludere
643 2644 733 2702 capto.

96 2719 216 2776 Vergilius.
653 2722 695 2770 ῃ
