1816 2956
241 177 388 217 nnnsrnos
407 178 493 216 ursan
510 178 572 216 vul.
744 167 779 214 37
789 168 804 214 3

81 350 126 397 per
139 335 232 382 sudum
244 334 351 382 rutilare
365 335 451 382 vident
464 342 489 382 et
500 333 576 396 pulsa
589 340 687 381 tonare.

35 428 61 471 30
82 423 227 485 obstipuere
240 423 332 470 animis
346 423 399 480 alii,
415 423 459 471 sed
472 422 565 470 Troius
579 422 654 470 heros

81 512 204 573 adgnovit
217 512 329 559 sonitum
344 520 368 559 et
381 512 454 559 divae
467 510 595 573 promissa
607 509 730 572 parentis.

82 608 135 648 tunr
154 608 281 649 memorat
292 601 333 648 ‘ne
352 615 427 658 vero,
449 600 558 661 hospes,
584 612 617 646 ne
638 612 732 659 quaere
752 612 811 660 pro-

382 689 449 736 lecto

82 792 158 839 quem
172 792 259 825 casum
268 784 386 839 portenta
399 776 497 825 ferant:
513 790 561 838 ego
572 788 681 838 poseor;
697 773 809 837 Olympo

81 866 131 913 hoc
144 866 247 926 siguum
260 865 353 914 cecinit
366 867 501 913 missuram
515 865 573 912 diva
587 863 705 920 creatrix,

35 959 61 1002 35
82 955 103 1001 si
117 953 215 1001 bellum
228 954 374 1015 ingrueret,
396 953 576 1015 Volcaniaque
589 966 662 1000 arma
675 965 720 1013 per
733 965 810 998 auras

82 1043 192 1088 laturam
206 1042 313 1090 auxilio.

83 1129 133 1177 heu
147 1138 258 1191 quantae
272 1130 370 1177 miseris
384 1130 475 1178 caedes
488 1128 660 1179 Laurentibus
673 1127 788 1182 instanti

83 1233 146 1280 quas
160 1233 257 1280 poenas
270 1218 343 1276 mihi,
358 1218 455 1276 Turne,
472 1217 559 1265 dabis!
576 1232 653 1279 quarn
667 1217 749 1267 multa
762 1215 809 1263 sub

381 1307 465 1355 undas

84 1404 156 1445 scuta
169 1396 252 1443 virum
265 1396 404 1457 galeasque
418 1403 443 1443 et
456 1395 533 1442 sortia
545 1408 655 1456 corpora
667 1395 762 1452 volves,

35 1491 64 1531 to
83 1484 180 1546 Thybri
195 1484 282 1548 pater!
304 1492 413 1546 poscant
431 1484 498 1532 acies
512 1491 537 1532 et
554 1483 659 1532 foedera
671 1473 812 1545 rumpant’

119 1574 183 1623 haec
197 1574 240 1621 ubi
254 1573 323 1621 dicta
336 1573 416 1631 dedit,
431 1573 497 1620 solio
511 1587 538 1620 se
552 1573 622 1620 tollit
634 1572 666 1621 ab
680 1573 733 1620 alto

84 1672 108 1710 et
121 1662 232 1724 primum
245 1662 378 1710 Herculeis
391 1662 488 1723 sopitas
501 1661 604 1723 ignibus
618 1675 675 1709 aras

85 1751 179 1799 excitat
192 1751 391 1812 hesternumque
404 1751 485 1798 larem
498 1763 642 1812 parvosque
656 1755 761 1811 penates

85 1840 167 1888 laetus
182 1840 251 1898 adit;
271 1846 386 1886 mactant
398 1839 477 1887 lectas
492 1839 523 1886 de
536 1852 607 1886 more
620 1837 732 1885 bidentis

35 1933 64 1975 45
84 1928 220 1975 Euandrus
233 1928 336 1990 pariter.
353 1927 448 1990 pariter
461 1926 576 1985 Troiana
588 1926 715 1974 iuventus.

85 2017 216 2078 posthinc
230 2017 262 2063 ad
276 2016 347 2064 navis
360 2016 477 2077 graditur
489 2015 625 2077 sociosque
638 2015 739 2063 revisit:

86 2120 196 2166 quorum
210 2106 241 2153 de
253 2119 371 2163 numero,
388 2105 432 2167 qui
446 2118 501 2152 sese
513 2104 541 2150 irr
553 2103 623 2152 bella
635 2111 789 2165 sequautur,

85 2201 243 2256 praestantes
257 2193 348 2241 virtute
361 2194 440 2255 legit;
461 2208 520 2256 pars
533 2199 618 2241 cetera
631 2208 713 2256 prona

86 2283 165 2330 fertur
178 2298 246 2345 aqua
259 2283 397 2344 segnisque
411 2282 525 2330 secundo
540 2282 628 2330 defluit
641 2282 722 2340 amni,

35 2377 66 2418 50
85 2371 176 2420 nuntia
189 2379 296 2419 ventura
308 2371 422 2419 Ascanio
436 2385 573 2432 rerumque
585 2371 728 2432 patrisque.

86 2460 180 2507 dantur
193 2459 250 2521 equi
265 2458 371 2506 Teucris
384 2458 519 2520 Tyrrhena
531 2443 676 2521 petentibus
690 2472 764 2511 arua,

86 2549 183 2596 ducunt
196 2553 309 2595 exortem
322 2548 439 2609 Aeneae,
457 2563 540 2613 quem
551 2542 732 2596 lulualeonrs

67 2634 148 2693 pellis
162 2635 218 2682 obit
231 2643 326 2699 totum,
341 2641 526 2706 praefulgens
542 2633 693 2700 unguibus
707 2619 818 2672 aaron&
