1816 2956
277 193 426 234 Aruernos
446 193 533 232 bruun
552 194 592 233 lv.
773 186 832 232 231

105 351 168 413 quid
187 351 280 398 struis?
300 359 344 397 aut
362 366 413 412 qua
432 365 476 412 spe
489 350 592 413 Libyeis
606 351 665 398 teris
679 352 733 398 etia
745 352 836 399 terris?

104 441 127 488 si
140 450 165 489 te
178 441 252 487 nulla
264 447 350 487 movet
362 446 493 486 tantarum
506 441 591 500 gloria
603 455 688 488 rerum

106 529 166 592 [nee
179 543 256 591 super
268 529 323 591 ipse
336 536 381 575 tua
393 528 492 575 moliris
506 529 584 576 leude
596 529 734 592 laborem],

103 618 247 667 Ascanium
260 625 408 679 surgentem
421 624 446 665 et
458 632 516 680 spes
529 617 630 665 heredis
643 618 693 665 Iuli

52 713 84 757 75
105 707 213 770 respice,
230 707 270 754 eni
284 721 392 768 regnum
405 707 497 754 Italiae
509 706 680 768 Romanaque
693 707 770 754 tellus

105 786 250 845 debentur.³
275 796 320 842 tali
335 793 468 857 Cyllenius
482 810 526 843 ere
539 797 640 844 loeutus

104 885 222 932 mortalis
236 885 304 932 visus
318 884 403 932 medie
416 898 534 932 sermone
547 885 652 946 reliquit

105 981 131 1022 et
143 974 235 1035 proeul
248 973 275 1020 in
289 980 392 1021 tenuem
405 986 437 1020 ex
451 973 532 1021 oeulis
546 974 650 1021 evanuit
663 988 761 1020 auram.

141 1063 177 1110 At
189 1076 249 1110 vero
262 1063 365 1110 Aeneas
380 1068 484 1123 aspectu
498 1061 627 1109 obmutuit
639 1076 737 1120 amens,

51 1156 85 1200 80
105 1159 272 1213 arrectaeque
283 1151 390 1198 herrore
402 1164 500 1210 comae,
517 1158 542 1199 et
552 1165 602 1198 vox
613 1151 729 1198 faucibus
742 1151 834 1199 haesit.

105 1241 178 1288 ardet
191 1239 261 1287 abire
274 1239 337 1300 fuga
350 1239 484 1300 dulcisque
497 1239 641 1301 relinquere
654 1247 743 1298 terres,

105 1329 229 1376 attonitus
243 1336 315 1376 tento
328 1329 428 1375 monitu
441 1327 602 1390 imperioque
616 1330 732 1377 deorum.
811 1382 814 1390 ¹

104 1417 156 1467 heu
169 1417 231 1480 quid
245 1417 322 1478 aget?
342 1432 393 1478 quo
414 1431 482 1463 nune
500 1413 616 1477 reginam
636 1417 732 1466 ambire
750 1417 835 1465 fureu-

408 1512 460 1553 tem

104 1596 199 1644 audeat
210 1593 317 1642 adfatu?
337 1608 403 1656 quae
416 1594 500 1656 primu
514 1593 620 1642 exordia
633 1595 735 1642 sumat?

49 1690 83 1733 85
105 1684 195 1747 [utque
215 1684 329 1731 animum
349 1697 418 1730 nune
438 1683 488 1730 hue
508 1684 633 1742 celerem,
655 1698 724 1730 nune
744 1683 837 1731 dividit

406 1772 470 1819 illue

104 1861 131 1908 in
144 1862 275 1925 partisque
288 1861 356 1923 rapit
369 1861 451 1908 varius
465 1875 562 1922 perque
575 1859 664 1907 omniu
676 1858 774 1922 versat]

104 1951 170 1999 haee
183 1951 321 1999 alternanti
334 1950 420 2012 potior
434 1948 561 1996 sententia
574 1948 667 1997 visust:

104 2039 239 2088 Mnesthea
264 2037 464 2100 Sergestumque
494 2043 569 2084 vocat
593 2037 736 2100 fortemque
762 2036 835 2086 Sere-

406 2135 483 2184 stum,

105 2216 214 2264 elussem
228 2223 316 2278 aptent
329 2215 401 2263 taciti
413 2215 551 2277 sociosque
564 2215 596 2263 ud
611 2215 687 2263 litere
702 2221 804 2276 cogunt,

51 2311 85 2353 90
105 2319 177 2353 arma
190 2312 282 2367 parent
295 2312 319 2352 et
332 2318 398 2365 quae
411 2303 487 2351 rebus
500 2304 533 2350 sit
546 2318 625 2351 eausa
637 2303 763 2350 novandis

106 2393 283 2451 dissimulent3
303 2407 358 2440 sese
371 2393 478 2450 interea,
495 2393 599 2454 quando
614 2392 712 2454 optimu
724 2391 794 2438 Dido

105 2482 204 2530 neseiat
217 2490 242 2529 et
254 2489 339 2530 tantos
352 2481 436 2543 rumpi
449 2496 502 2528 non
516 2489 600 2544 speret
613 2494 722 2537 umores,

106 2578 289 2633 temptaturum
303 2570 386 2616 aditus
400 2578 424 2617 et
437 2585 503 2631 quae
516 2569 669 2617 mollissima
682 2568 754 2616 fundi

105 2668 230 2721 tempore,
247 2659 304 2722 quis
317 2658 393 2707 rebus
407 2659 496 2708 dexter
508 2659 615 2708 munus.
642 2657 719 2706 emus
732 2669 830 2703 omnes
