1816 2956
364 179 450 218 CIBIS.
743 174 802 220 563

112 336 148 383 At
160 335 256 395 nutrix,
272 337 360 397 patula
374 351 522 398 conponens
536 336 635 384 sulfura
647 345 720 396 testa,

31 431 56 473 '0
77 424 219 472 narcissum
233 425 381 487 casiamque
394 424 486 472 herhas
500 427 636 473 contundit
649 427 747 475 olentes

77 520 166 575 terque
179 527 279 561 novena
294 513 358 575 ligat
371 514 465 576 triplici
480 514 579 563 diversa
593 515 679 563 colore

76 600 134 649 iila:
146 590 196 649 ‘ter
208 601 235 648 in
248 602 374 663 gremium
381 593 488 650 mecum'
502 603 587 665 inquit
595 593 712 667 ‘despue
722 604 803 664 virge,

76 689 174 753 despue
186 696 232 749 ter,
248 691 336 751 virgo:
353 706 459 739 numero
474 692 535 739 deus
548 692 638 754 inpare
651 684 765 754 gaudet'

75 778 137 827 inde
148 778 203 826 Iovi
216 793 311 840 magno
324 780 440 841 geminat
452 778 579 842 Stygialia
591 795 674 840 sacra,

31 872 56 916 lo
76 881 152 916 sacra
164 881 212 916 nec
225 867 318 916 Aeaeis
332 868 423 916 auibus
437 884 485 917 nec
498 869 602 930 cognita
616 866 709 927 Grais3
744 915 752 927 ,

75 955 168 1019 pergit,
184 956 326 1018 Amyclaeo
339 971 462 1020 spargens
477 956 569 1004 altaria
582 956 673 1015 tholis,

76 1043 145 1107 regis
157 1044 276 1092 Iolciacis
290 1045 405 1093 animum
418 1045 529 1106 deligere
542 1045 615 1092 votis.

76 1147 166 1181 verum
178 1132 222 1180 ubi
235 1133 310 1181 nulla
322 1141 407 1181 movet
419 1133 538 1182 stabilem
551 1133 655 1181 fallacia
667 1133 767 1192 Nisum,
843 1189 844 1192 Ἴ

76 1235 125 1269 nec
137 1228 246 1284 possunt
258 1221 376 1270 homines
389 1237 436 1270 nec
449 1228 558 1284 possunt
570 1222 670 1270 flectere
684 1221 735 1268 (livi

31 1315 57 1359 ³0
77 1309 162 1372 (tenta
174 1318 213 1358 est
224 1310 250 1358 in
264 1325 342 1373 parvo
356 1311 450 1358 fiducia
464 1311 533 1358 crine
547 1310 675 1373 cavendi),

76 1412 164 1446 rursus
177 1399 210 1446 ad
223 1399 355 1461 inceptum
368 1399 465 1447 sociam
479 1413 505 1447 se
518 1399 603 1461 iungit
615 1400 736 1448 alumnae

76 1501 286 1550 purpureumque
299 1494 373 1549 perat
386 1502 472 1535 rursus
486 1488 593 1535 tondere
606 1488 738 1551 capillum,

77 1582 131 1623 tam
143 1575 223 1636 lengo
237 1576 306 1638 quod
320 1576 372 1624 iam
386 1583 471 1639 captat
484 1591 631 1624 succurrere
645 1577 735 1634 amori,

77 1677 131 1711 non
144 1665 229 1713 minus
242 1664 288 1713 illa
302 1671 388 1713 tamen
402 1665 486 1713 revehi
501 1665 570 1727 quod
585 1665 688 1714 moenia
702 1663 794 1713 Cressa

31 1758 57 1803 ³5
76 1752 205 1815 gaudeat:
221 1759 246 1802 et
259 1753 338 1801 cineri
351 1754 434 1816 patria
447 1760 485 1801 est
497 1754 610 1802 iucunda
622 1755 732 1816 sepulto.

113 1839 183 1903 Ergo
196 1841 289 1890 iterum
301 1842 380 1904 capiti
394 1841 483 1904 Scylla
495 1849 534 1891 est
545 1843 651 1890 inimica
663 1848 779 1904 paterno.

78 1936 133 1977 tum
146 1944 220 1979 coma
233 1928 342 1978 Sidonio
355 1931 448 1978 florens
462 1930 589 1978 deciditur
602 1936 681 1989 ostro,

78 2024 132 2066 tum
146 2019 245 2081 capitur
257 2019 364 2080 Megara
377 2027 402 2068 ct
415 2019 500 2066 divum
517 2032 641 2080 responsa
653 2019 804 2080 probantur,

77 2112 132 2155 tum
145 2121 271 2170 suspensa
284 2122 351 2155 novo
364 2109 415 2156 ritu
429 2109 460 2156 de
473 2107 580 2155 navibus
594 2108 653 2155 altis
714 2148 718 2158 .

31 2200 59 2244 ³0
78 2209 124 2259 per
136 2210 207 2244 mare
221 2197 367 2244 caeruleum
380 2197 489 2245 trahitur
501 2197 589 2245 Niseia
601 2196 682 2258 virgo.

77 2285 214 2346 conplures
228 2284 300 2335 illam
314 2285 442 2348 nymphae
455 2286 581 2333 mirantur
593 2285 619 2332 in
633 2285 717 2345 undis,

78 2372 187 2421 miratur
200 2379 272 2434 pater
286 2372 405 2423 Oceanus
419 2381 444 2421 et
456 2374 567 2422 candida
580 2373 676 2435 Tethys

78 2467 104 2509 et
116 2461 224 2523 cupidas
238 2475 324 2510 secum
338 2463 440 2525 rapiens
454 2461 564 2512 Galatea
576 2476 686 2520 sorores,

78 2549 151 2598 illam
166 2549 252 2608 etiam,
268 2550 361 2599 iunctis
374 2565 497 2612 magnum
511 2565 578 2614 qnae
587 2550 700 2613 piscibus
711 2564 808 2612 aequor

31 2642 58 2687 >5
78 2645 105 2693 et
115 2638 210 2701 glauco
223 2638 345 2702 bipedum
359 2654 435 2689 curru
447 2639 551 2689 metitur
564 2652 698 2700 equorum,

586 2713 648 2767 36*
781 2726 829 2786 J
