1816 2956
275 189 422 228 aaa'arnos
437 190 524 228 maun
541 190 584 228 xi.
765 181 826 227 455

51 354 83 395 45
104 354 193 395 contra
206 347 281 394 turba
294 346 425 407 Phrygum
439 345 541 393 veniens
556 346 705 408 plangentia
719 346 803 405 iungit

104 436 216 497 agmina.
245 450 311 496 quae
325 441 462 495 postquam
476 441 569 481 matres
583 435 719 482 succedere
733 434 806 481 tectis

103 524 229 581 viderunt,
245 529 369 570 maestam
382 522 524 569 incendunt
537 522 692 570 clamoribus
705 522 804 570 urbem.

102 620 129 660 at
141 627 195 660 uon
207 611 356 659 Euandrum
370 610 438 672 potis
451 615 489 658 est
500 609 537 657 vis
551 611 604 658 nlla
617 618 713 668 tenere,

103 701 147 748 sed
161 700 269 748 venitin
283 698 390 746 medios.
418 698 511 746 feretro
525 699 645 746 Pallanta
658 705 760 760 reposto

51 794 84 837 50
103 788 241 852 procubuit
266 801 342 849 super
366 794 444 848 atque
470 787 559 835 haeret
580 787 769 848 lacrimansque
787 801 832 848 ge·

404 889 527 936 mensque

103 972 129 1012 et
140 965 181 1012 via
193 966 236 1011 vix
248 964 353 1011 tandem
365 963 421 1010 voci
436 964 523 1012 laxata
536 963 659 1011 dolorest.

101 1042 165 1098 ‘non
178 1051 251 1110 haec,
268 1067 282 1098 ο
296 1051 378 1109 Palla,
395 1051 502 1100 dederas
516 1051 642 1112 promissa
655 1052 764 1113 parenti.

104 1139 202 1187 cautius
215 1148 244 1186 ut
256 1154 332 1187 saevo
346 1140 424 1187 velles
437 1146 462 1187 te
475 1139 578 1188 credere
590 1139 682 1187 Marti!

103 1227 172 1275 haud
186 1228 291 1289 ignarus
310 1242 379 1276 eram
398 1234 524 1290 quantum
537 1241 604 1275 nova
617 1227 702 1289 gloria
713 1227 741 1275 in
753 1227 831 1276 armis

52 1321 83 1364 55
104 1325 129 1364 et
140 1316 279 1379 praedulce
293 1317 371 1364 decus
383 1317 467 1379 primo
481 1316 620 1363 certamino
632 1323 727 1378 posset.

103 1405 231 1467 primitiae
244 1406 342 1454 iuvenis
355 1406 464 1453 miserae
477 1405 591 1466 bellique
604 1404 743 1468 propinqui

104 1494 167 1542 dura
180 1495 326 1543 rudimenta
339 1502 364 1542 et
376 1494 442 1541 nulli
455 1493 577 1541 exaudita
591 1493 698 1540 deorum

103 1590 162 1630 vota
180 1598 320 1646 precesque
332 1583 418 1631 meae!
445 1590 539 1644 tuque,
567 1596 582 1629 o
596 1581 757 1630 sanctissima
771 1596 832 1629 con-

403 1685 475 1729 runis,

103 1759 165 1806 felix
179 1766 260 1807 morte
274 1766 318 1807 tua
331 1773 414 1820 neque
427 1759 454 1805 in
467 1759 537 1807 hunc
550 1765 649 1807 servata
662 1758 793 1807 dolorem!

51 1851 83 1894 60
103 1853 193 1894 contra
206 1862 255 1907 ego
268 1847 376 1894 vivendo
389 1847 437 1893 vici
451 1861 508 1894 mea
521 1847 582 1905 fata,
598 1854 725 1908 superstes

102 1942 224 1983 restarem
237 1942 265 1981 ut
277 1935 387 1995 genitor.
415 1934 513 1982 Troum
526 1935 596 1983 socia
609 1950 681 1984 arma
694 1941 810 1983 secutum

103 2023 240 2070 obruerent
252 2022 340 2070 Rutuli
355 2022 427 2070 telis!
449 2023 562 2072 animaru
575 2024 630 2086 ipse
643 2024 771 2072 dedissem

103 2120 181 2173 atque
195 2111 258 2159 haec
278 2125 373 2173 pompa
393 2111 499 2158 domum
517 2127 572 2172 me,
593 2127 646 2160 non
660 2112 781 2161 Pallanta
793 2126 832 2160 re·

404 2199 493 2247 ferret!

103 2303 150 2335 uec
163 2303 208 2336 vos
222 2287 360 2348 arguerim,
375 2288 478 2346 Teucri,
494 2303 541 2336 nec
555 2288 659 2337 foedera
673 2304 720 2338 nec
734 2303 798 2350 quas

51 2380 82 2423 65
102 2377 233 2423 iunximus
246 2376 359 2438 hospitio
373 2377 491 2425 dextras:
513 2392 568 2425 sors
581 2378 630 2425 ista
643 2385 761 2425 senectae

103 2465 189 2512 debita
202 2472 257 2512 erat
269 2472 381 2514 nostrae.
410 2466 479 2526 quod
494 2466 514 2514 si
528 2466 656 2514 inmatura
669 2464 791 2512 manebat

102 2567 171 2599 mors
184 2562 300 2613 gnatum,
317 2554 397 2602 caeeis
410 2553 569 2602 Volscorum
580 2553 691 2601 nulibus
702 2559 768 2597 aute

95 2641 230 2688 ducentem
243 2642 270 2688 in
283 2642 394 2693 Latium
408 2645 532 2696 Teucros
548 2643 684 2694 cecidisse
694 2631 818 2684 'ruralib-
