1816 2956
187 123 251 173 236
427 133 452 171 r.
470 131 592 170 venerer
611 131 742 172 uxnoms

186 297 237 340 aab
257 293 451 353 multagemens
459 304 607 350 magnoque
615 289 878 338 animnmlabcfactus
886 304 907 337 ar

256 382 328 429 iussn
340 387 427 428 tamen
441 379 526 425 divom
541 378 676 440 exequitur
690 379 851 440 classemque
863 393 904 426 rev

257 476 312 517 tum
324 483 384 517 vero
397 468 491 516 Teucri
504 467 657 515 incumbunt
670 475 695 514 et
707 467 783 516 litore
796 467 879 516 celsas

257 559 389 607 deducunt
400 563 454 605 toto
467 556 548 604 naris.
574 550 649 602 'natat
660 563 740 603 uncta
753 557 841 604 carina

257 646 454 708 frondentisque
467 640 553 693 ierunt
565 659 649 693 remos
664 652 689 693 et
701 645 796 692 robora
808 645 878 693 silvis

186 741 238 784 400
257 735 411 783 infabricata
423 734 608 796 fugae-studio.

256 824 392 886 migrantis
405 837 494 872 cernas
508 829 614 884 totaque
627 837 659 870 ex
671 822 735 870 urbe
748 823 853 880 ruentis,

257 929 287 962 ac
299 914 370 961 velut
381 912 513 974 ingentem
526 911 649 958 formicae
663 911 737 958 farris
751 926 868 959 acervom

256 1017 315 1051 cnm
328 1001 455 1065 populant
466 1000 558 1049 hiemis
569 1015 695 1049 memores
708 1008 827 1063 tectoque
840 1016 907 1063 repo,

255 1092 276 1139 it
288 1091 392 1152 nigrum
406 1090 503 1152 campis
517 1103 610 1151 agmen
623 1091 798 1152 praedamque
811 1105 857 1153 per
869 1090 907 1139 har

184 1186 235 1228 405
257 1185 409 1229 convectant
422 1179 487 1226 calle
501 1185 619 1239 angusto,
635 1194 694 1242 pars
708 1180 818 1240 grandia
830 1181 907 1227 trudu

255 1269 368 1317 obnixae
382 1268 509 1315 frumenta
521 1268 625 1327 umeris,
642 1283 700 1331 pars
714 1268 820 1329 agmina
833 1282 907 1329 cogni

255 1358 435 1419 castigantque
447 1371 543 1414 moras,
560 1371 637 1418 opere
651 1358 734 1404 omnis
748 1358 840 1405 semita
853 1358 906 1405 serv

256 1447 313 1510 quis
326 1447 372 1495 tibi
386 1454 449 1504 tum,
464 1445 543 1503 Dido,
559 1447 672 1494 cernenti
687 1446 751 1493 talia
763 1446 868 1492 sensus!

255 1551 351 1598 quosve
364 1535 444 1583 debes
458 1535 577 1596 gemitus,
594 1549 652 1582 eum
666 1535 743 1581 litora
755 1534 852 1581 fervere
864 1535 907 1582 lat

183 1631 235 1674 410
255 1626 414 1689 prospiceres
428 1638 486 1671 arce
500 1637 532 1671 ex
545 1638 646 1670 summa
659 1630 793 1684 totumque
806 1623 904 1671 videres

254 1715 355 1762 misceri
369 1721 429 1761 ante
442 1702 533 1760 oculos
546 1713 624 1759 tantis
639 1712 794 1759 clamoribus
808 1727 907 1773 aequor

253 1802 363 1865 inprobe
376 1804 466 1861 Amor,
483 1802 544 1863 quid
559 1815 611 1848 non
625 1801 745 1848 mortalia
758 1808 863 1862 pectora
877 1816 907 1849 co

253 1892 290 1940 ire
303 1891 396 1939 iterum
409 1891 435 1938 iu
449 1892 584 1948 lacrimas,
606 1891 698 1938 iterum
712 1897 837 1952 temptare
850 1905 907 1951 pree

254 1981 355 2041 cogitur
368 1987 393 2028 et
404 1980 514 2042 supplex
528 1980 628 2027 animos
642 1979 791 2028 submittere
805 1979 897 2036 amori,

182 2075 232 2117 415
252 2069 348 2131 nequid
363 2069 524 2131 inexpertum
538 2069 632 2115 frustra
644 2067 768 2115 moritura
781 2067 907 2128 relinquat

285 2148 383 2218 ‘Anna
398 2158 468 2206 rides
482 2164 536 2205 toto
549 2158 682 2220 properari
696 2155 789 2204 litore?
808 2156 907 2203 circum

252 2248 368 2310 undique
381 2262 539 2305 convenere;
559 2252 634 2294 vocat
647 2246 698 2292 iam
713 2245 834 2292 carbasus
848 2260 907 2293 aura

252 2336 381 2400 puppibus
395 2345 420 2384 et
432 2337 493 2384 laeti
507 2343 601 2383 nautae
615 2335 752 2397 inposuere
766 2348 885 2381 coronas.

252 2426 321 2474 hunc
335 2439 383 2487 ego
398 2425 418 2472 ei
432 2425 504 2486 potui
518 2431 618 2471 tantum
632 2437 736 2486 sperare
750 2423 878 2481 dolorem,

180 2520 232 2563 420
252 2521 277 2562 et
295 2514 422 2577 perferre,
451 2527 539 2571 soror,
567 2520 666 2574 potero.
695 2511 804 2558 miserae
825 2511 907 2560 hoct

551 2616 634 2650 unum
