1816 2956
249 198 397 237 Annntoos
416 199 503 236 LIBER
522 199 561 237 IV.
741 191 800 237 2⁴27

76 356 183 405 conubis
197 371 349 418 summoque
362 353 499 403 ulularunt
507 357 601 404 vertice
614 357 750 420 nymphae.

75 445 121 494 ille
134 446 188 493 dies
201 446 299 508 primns
312 444 356 492 leti
369 444 518 506 primusque
531 445 659 492 malorum

31 540 56 583 '0
76 549 156 583 causa
168 533 224 580 fuit.
252 547 336 594 neque
349 533 418 581 enim
432 533 517 594 specie
529 532 630 581 famave
642 543 759 582 movetur

75 623 189 672 aeciam
202 621 322 669 furtivum
334 621 404 668 Dido
418 621 556 670 meditatur
569 637 697 670 amorem:

77 711 228 773 coniugium
241 717 331 769 vocat3
352 709 402 757 hoc
415 711 542 772 praetexit
553 711 659 758 nominc
672 712 785 774 culpam.

112 800 251 861 Extemplo
265 798 361 860 Libyae
374 813 483 860 magnas
495 799 516 846 it
528 799 608 847 Fama
621 815 667 861 per
678 800 763 860 urbes,

77 889 166 947 Fama,
182 889 279 936 malurn
293 903 345 950 que
357 901 410 934 non
424 887 494 935 aliud
507 888 620 936 velocius
634 889 733 948 ullum;

31 983 56 1026 l5
76 977 221 1026 mobilitate
234 977 303 1038 viget
315 976 431 1038 viresque
445 977 559 1038 adquirit
571 978 673 1036 eund0;

77 1081 156 1129 parva
168 1074 238 1113 metu
252 1066 344 1127 primo,
360 1079 421 1112 mox
434 1079 490 1113 sese
504 1065 599 1112 attollit
611 1065 637 1111 in
652 1080 727 1113 auras

44 1134 46 1139 ⁷
76 1156 271 1217 ingrediturque
284 1153 340 1200 solo
355 1160 380 1200 et
393 1160 470 1215 caput
481 1154 548 1201 inter
562 1153 651 1201 nubila
665 1155 761 1202 condit.

76 1244 150 1293 illam
163 1243 244 1292 Terra
256 1257 357 1305 parens,
373 1241 412 1290 ira
424 1241 529 1289 inritata
542 1242 657 1300 deorum,

76 1339 231 1391 extremam,
247 1338 276 1379 ut
288 1330 436 1393 perhibent,
453 1328 524 1378 Coeo
536 1330 722 1394 Enceladoque
735 1346 807 1379 soro-

378 1434 433 1467 rem

31 1515 57 1559 to
77 1509 223 1573 progenuit,
239 1508 348 1570 pedibus
362 1509 471 1556 celerem
485 1515 510 1556 et
522 1508 669 1570 pernicibus
683 1509 739 1568 alis,

76 1605 220 1646 monstrum
232 1596 404 1655 horrendum,
425 1597 531 1658 ingens,
548 1597 588 1644 cui
603 1604 666 1659 quot
678 1606 738 1646 sunt
751 1613 807 1647 cor-

378 1700 440 1748 pore
454 1686 558 1747 plumae

76 1782 115 1823 tot
126 1775 216 1838 vigiles
230 1775 299 1823 oculi
313 1774 400 1822 subter
414 1773 543 1837 (mirabile
557 1774 648 1836 dictu),

76 1871 116 1913 tot
127 1865 241 1926 linguae,
258 1864 366 1911 totidem
379 1878 425 1911 ora
436 1872 539 1921 sonant,
555 1870 593 1910 tot
604 1862 714 1924 subrigit
724 1864 804 1912 auris.

76 1960 152 2002 nocte
165 1954 236 2001 volat
248 1953 314 2001 caeli
328 1952 414 2000 medio
427 1958 560 2013 terraeque
573 1967 619 2014 per
632 1952 758 2011 umbram,

31 2048 55 2091 35
76 2042 196 2100 stridens,
212 2055 260 2089 nec
273 2042 342 2089 drrlci
357 2041 471 2088 declinat
483 2040 583 2088 lumina
595 2054 686 2087 somno
697 2057 703 2100 3

76 2131 133 2179 luce
146 2131 218 2178 sedet
231 2138 316 2178 custos
331 2137 376 2177 aut
387 2129 479 2177 summi
494 2129 607 2177 culmine
620 2129 689 2188 tecti,

75 2219 188 2267 turribus
201 2226 246 2267 aut
258 2220 326 2278 altis,
342 2226 368 2266 et
379 2233 487 2280 magnas
501 2219 600 2267 territat
611 2218 696 2277 urbes,

76 2315 129 2356 tam
142 2309 193 2356 ficti
208 2308 330 2369 pravique
344 2313 421 2355 tenax
434 2322 513 2371 quam
526 2307 617 2354 nuntia
629 2306 690 2355 veri.

75 2397 140 2445 haec
153 2404 208 2444 tum
221 2396 357 2458 multiplici
372 2398 482 2459 populos
496 2409 614 2444 sermone
626 2394 743 2457 replebat

31 2491 56 2535 ιο
75 2486 192 2548 gaudeus
206 2492 231 2533 et
243 2485 339 2547 pariter
351 2484 420 2534 facta
432 2492 510 2547 atque
523 2484 619 2533 infecta
632 2482 757 2531 canebat:

75 2575 175 2623 venisse
189 2575 305 2632 Aenean,
322 2573 436 2620 Troiano
450 2574 576 2636 sauguine
589 2580 695 2630 cretum,

76 2664 117 2713 cui
131 2678 158 2711 se
169 2663 279 2725 pulchra
291 2662 345 2711 niro
359 2662 482 2726 dignetur
495 2661 719 2725 iungerelt'de

602 2737 670 2792 ab*
