1816 2956
47 169 107 218 290
284 179 310 218 r.
328 178 449 218 vnnsrnr
470 178 602 219 nanctus

115 335 233 386 Hectoris
246 335 289 384 hic
301 335 389 397 magni
403 335 487 383 fuerat
499 350 601 395 comes,
621 335 735 385 Hectora
747 338 848 387 circum

115 432 141 474 et
152 425 217 473 lituo
230 437 331 487 pugnas
343 423 453 484 insignis
466 423 555 472 ebibat
567 432 592 472 et
604 424 687 473 hasta.

115 520 254 576 postquam
265 512 341 560 illum
353 511 406 559 vitu
417 511 498 559 victor
510 512 632 574 spoliavit
644 513 771 574 Achilles,

115 601 250 649 Dardania
263 601 370 648 Aeneae
382 613 437 648 sese
449 598 604 649 fortissimus
617 601 694 650 heros

48 693 97 740 170
117 689 252 738 addiderat
263 688 371 746 socium,
386 702 440 735 non
453 687 577 737 inferiore
588 696 700 738 secutus.

118 778 163 828 sed
176 785 230 826 tum
243 778 309 826 forte
321 791 384 826 cave
397 777 459 824 dum
471 759 593 839 personat
606 792 723 841 aequora
734 780 847 840 concha,

118 867 231 926 demens,
247 872 272 914 et
284 872 362 913 centu
374 871 450 913 vocet
461 865 488 912 in
501 867 642 915 certamina
655 867 736 927 divos,
827 854 829 859 ¹

117 956 234 1006 aemulus
247 960 383 1016 exceptum
396 953 497 1012 Triton,
515 954 536 1001 si
551 955 655 1004 credere
668 955 811 1021 dignumst,
899 934 903 987 Ῐ

117 1044 184 1092 inter
196 1058 260 1092 saxa
272 1042 353 1090 virum
367 1055 489 1104 spumosa
501 1042 653 1092 inmerserat
663 1044 743 1092 unde.
859 1111 862 1114 ,

50 1138 98 1182 175
118 1147 180 1195 ergo
194 1146 283 1182 omnes
296 1146 391 1195 magno
405 1132 502 1180 circum
515 1131 629 1179 clamore
641 1131 795 1193 fremebant,

118 1221 256 1284 praecipue
268 1221 325 1284 pins
339 1221 450 1269 Aeneas.
478 1227 533 1269 tum
545 1220 615 1270 insse
627 1218 752 1282 Sibyllae,

115 1309 184 1357 baud
198 1322 279 1367 more,
295 1308 418 1357 festinent
429 1309 519 1358 flentes
533 1323 656 1372 aramque
669 1309 802 1372 sepulchri

119 1411 257 1460 congerere
269 1397 405 1445 arboribus
418 1398 543 1460 caeloque
557 1398 665 1446 educere
678 1404 786 1446 certant.

117 1486 169 1534 itur
181 1485 208 1533 in
222 1486 355 1548 antiquum
368 1486 468 1545 silvam,
483 1485 587 1534 stabula
598 1485 654 1533 alte
664 1484 786 1546 ferarum,

51 1578 99 1623 180
118 1574 293 1638 procumbunt
304 1574 401 1636 piceae,
416 1581 493 1622 sonet
504 1575 556 1623 ieta
568 1573 700 1622 securibus
713 1573 767 1623 ilex

118 1663 301 1725 fraxineaeque
313 1662 398 1711 trabes
412 1663 499 1711 cuneis
512 1669 537 1711 et
549 1663 628 1710 fissile
641 1663 720 1710 robur

118 1751 251 1810 scinditur,
267 1750 406 1799 advolvunt
418 1751 529 1812 ingentis
542 1750 672 1798 montibus
686 1765 774 1800 ornos.

118 1853 231 1889 necnon
244 1840 346 1888 Aeneas
360 1854 439 1902 opere
451 1839 518 1887 inter
531 1840 594 1888 talia
607 1840 704 1902 primns

119 1929 235 1976 hortatur
248 1928 332 1976 socios
346 1927 501 1990 paribusque
515 1928 658 1990 aecingitur
672 1929 757 1977 armis.

51 2022 98 2066 185
119 2024 196 2079 atque
210 2016 274 2064 haec
286 2017 342 2079 ipse
354 2031 401 2064 suo
415 2016 480 2064 tristi
495 2031 553 2064 cum
567 2017 644 2067 corde
656 2018 765 2078 volutet,

119 2105 272 2168 adspectans
283 2105 374 2153 silvam
385 2105 530 2153 inmensam
544 2103 624 2167 [etsie
631 2105 696 2154 forte
703 2090 847 2172 precatur}

118 2194 148 2241 ‘si
161 2207 230 2241 nune
242 2207 270 2242 se
283 2193 357 2240 nobis
370 2193 415 2242 ille
428 2207 520 2242 aureus
534 2193 625 2242 arbore
637 2208 728 2242 ramus

119 2282 239 2330 ostendat
251 2296 355 2330 nemore
368 2282 395 2329 in
408 2281 496 2329 tanto!
518 2283 623 2344 qnando
637 2283 726 2331 omnia
738 2297 798 2334 vere

43 2392 47 2406 .
119 2370 170 2419 heu
182 2369 291 2417 nimium
304 2370 335 2417 de
349 2375 374 2418 te
385 2377 464 2428 vates,
480 2369 587 2429 Misene,
603 2363 734 2418 locutast.'
896 2358 903 2397 Ὺ

51 2464 100 2507 190
119 2459 161 2506 vix
174 2472 205 2506 ea
217 2457 286 2506 fatus
298 2463 360 2516 erut,
376 2458 495 2520 geminae
509 2473 567 2506 cum
580 2458 645 2507 forte
658 2460 797 2510 columbae
890 2401 903 2497 f

40 2585 46 2607 ,
118 2548 175 2609 ipsa
187 2545 234 2594 snb
248 2559 294 2593 ora
306 2545 352 2593 viri
367 2546 439 2594 caelo
452 2560 544 2594 venere
556 2547 675 2595 volentes
889 2558 895 2591 ι

114 2642 142 2684 et
155 2634 229 2684 viridi
242 2633 333 2684 sedere
346 2635 412 2682 solo.
439 2641 494 2682 turn
506 2635 634 2682 maximus
647 2635 723 2683 heros
