1816 2956
300 201 447 240 nunulnos
467 201 555 240 LIBER
574 202 613 241 v1.
793 193 853 241 315

57 366 108 408 810
128 360 194 420 regis
206 359 317 406 Romani
331 359 441 420 primam
455 358 498 420 qui
512 358 612 419 legibus
625 359 714 407 urbem

128 449 253 507 fundabit,
270 447 381 495 Curibus
394 447 477 509 parvis
491 454 517 494 et
529 462 641 510 paupere
653 456 720 496 terra

127 539 219 586 missus
233 538 259 584 in
272 536 409 598 imperium
421 550 553 596 maguum.
582 537 622 584 cui
636 537 729 584 deiude
742 537 838 585 subibit

128 627 180 674 otia
194 626 237 688 qui
251 632 352 687 rumpet
365 624 463 687 patriae
476 625 623 687 residesque
636 626 749 673 movebit

126 714 218 763 Tullus
232 715 258 761 iu
272 728 344 761 arma
357 713 424 760 viros
439 719 463 760 et
475 712 528 759 iam
541 713 646 761 desueta
659 715 795 777 triumphis

57 809 107 852 815
128 804 239 865 agmina.
268 817 344 865 quem
356 802 430 849 iuxta
443 802 557 862 sequitur
569 802 707 850 iactantior
719 805 817 860 Ancus,

128 907 196 939 nunc
216 906 319 953 quoque
338 890 390 938 iam
414 890 522 936 nimium
546 890 662 951 gaudens
686 892 855 954 popularibus

429 978 507 1026 auris.

127 1069 164 1115 vis
178 1076 203 1115 et
215 1067 372 1130 Tarquinios
385 1081 458 1129 reges
472 1067 637 1130 animamque
651 1068 787 1131 superbam

128 1157 218 1204 ultoris
231 1157 304 1203 Bruti
317 1156 450 1218 fascesque
464 1156 549 1204 videre
562 1157 696 1219 receptos?

128 1246 241 1294 consulis
254 1246 389 1308 imperium
402 1246 445 1293 hic
458 1245 556 1308 primus
570 1260 710 1309 saevasque
723 1261 824 1295 secures

57 1340 108 1382 820
128 1335 237 1397 accipiet
250 1342 375 1396 natosque
389 1342 461 1397 pater
473 1349 541 1382 nova
554 1335 623 1383 bella
635 1343 766 1383 moventes

127 1425 159 1472 ad
173 1439 285 1486 poenam
297 1424 407 1486 pulchra
420 1438 466 1486 pro
480 1423 597 1472 libertate
610 1422 721 1481 vocabit,

125 1513 224 1560 infelix.
252 1520 391 1574 utcumque
405 1512 487 1560 serent
500 1526 531 1560 ea
543 1512 611 1560 sacta
624 1513 745 1571 minores,

126 1603 211 1649 vincet
224 1616 297 1648 amor
310 1601 408 1663 patriae
421 1599 580 1663 laudumque
593 1602 711 1650 inmensa
723 1602 828 1664 cupido.

128 1690 189 1751 quin
203 1690 298 1737 Decios
311 1689 463 1751 Drusosque
475 1691 566 1752 procul
580 1703 735 1753 saevumque
747 1691 829 1738 securi

57 1782 107 1824 825
128 1778 214 1839 aspice
227 1777 389 1839 Torquatum
403 1788 427 1826 et
444 1779 596 1826 referentem
614 1779 689 1840 signe
701 1776 852 1827 Camillum.

127 1866 188 1913 illae
202 1872 300 1922 autem,
321 1866 425 1928 paribus
439 1881 503 1928 quas
516 1866 616 1927 fulgere
630 1867 712 1915 cernis
724 1867 753 1915 in
766 1867 852 1926 armis,

128 1953 269 2001 concordes
283 1955 385 2002 animae
398 1969 466 2002 nunc
480 1961 505 2002 et
522 1955 583 2002 dum
600 1963 676 2004 noete
694 1963 852 2020 premuntur,

127 2043 177 2090 heu
191 2050 316 2104 quantum
328 2043 395 2090 inter
407 2058 434 2091 se
448 2043 553 2101 beilum,
569 2044 590 2091 si
603 2044 702 2092 lumina
714 2044 780 2093 vitae

127 2132 267 2192 attigerint,
283 2140 393 2194 quantas
406 2133 474 2180 acies
488 2139 651 2196 stragemque
665 2133 783 2181 ciebunt!

56 2227 107 2270 830
127 2221 264 2282 aggeribus
278 2203 351 2268 socer¹
363 2221 468 2283 Alpinis
481 2229 558 2284 atque
571 2237 630 2271 erce
642 2223 762 2270 Monoeci

127 2311 294 2367 descendens,
310 2324 390 2371 gener
403 2311 515 2359 adversis
527 2311 666 2359 instructus
679 2311 749 2358 Eois.

127 2414 168 2457 ne,
184 2399 266 2462 pueri,
282 2414 314 2446 ue
327 2406 399 2447 tanta
412 2399 504 2448 animis
518 2399 660 2448 adsuescite
674 2398 744 2448 bellu

128 2502 177 2536 neu
191 2489 290 2550 patriae
303 2487 401 2535 validus
415 2488 440 2534 iu
455 2488 552 2536 viscera
565 2489 653 2536 vertite
667 2489 747 2544 vires;

127 2585 206 2640 tuque
219 2578 298 2639 prior,
314 2585 341 2623 tu
356 2590 441 2638 parce,
456 2591 538 2639 genus
552 2579 596 2640 qui
610 2578 682 2625 ducis
696 2576 824 2639 Olymp03

56 2670 106 2714 8323
127 2666 214 2728 proice
228 2667 280 2714 tela
292 2680 380 2725 mauu,
395 2667 502 2730 sanguis
514 2667 607 2716 messi.
