1816 2956
251 195 399 236 nnusmos
417 195 505 233 arnan
520 195 583 233 vm.
756 183 815 231 367

91 352 183 414 incipit
196 360 221 399 et
234 352 308 399 dictis
322 352 436 399 divinum
450 351 565 413 adspirat
578 364 702 398 amorem.

89 431 161 488 ‘dum
174 441 242 488 bello
255 441 373 502 Argolici
387 440 522 488 vastabant
535 439 662 500 Pergama
675 453 749 499 reges

43 535 71 578 75
92 530 179 578 debita
192 542 347 590 casurasque
360 529 471 576 inimicis
484 528 587 590 ignibus
601 542 681 586 arces,

91 633 144 666 non
157 618 239 665 ullum
253 617 379 664 auxilium
391 617 500 675 miseris,
516 631 569 663 non
582 631 654 664 arma
667 615 756 677 rogavi

92 707 152 754 artis
166 706 274 768 opisque
287 714 346 754 tuae
360 713 453 764 necte,
470 706 601 753 carissime
614 705 736 763 coniunx,

90 796 251 843 incassumve
264 801 321 841 tuos
334 794 405 840 volui
419 808 537 842 exercere
550 793 661 851 labores,

92 883 208 945 quamvis
222 889 247 930 et
258 880 354 928 Priami
369 882 488 930 deberem
501 882 613 943 plurima
626 881 693 928 natis

43 977 71 1020 30
91 979 116 1019 et
128 973 221 1018 durum
234 970 340 1017 Aeneae
352 969 477 1017 flevissem
489 985 566 1037 saepe
580 969 705 1018 laborem.

92 1074 160 1107 nunc
174 1058 241 1104 lovis
255 1057 368 1119 imperiis
381 1057 536 1104 Rutulorum
550 1057 665 1106 constitit
677 1057 744 1105 oris:

91 1162 152 1208 ergo
167 1147 258 1194 eadem
271 1146 380 1208 supplex
387 1146 461 1194 venio
475 1154 500 1195 et
513 1157 631 1196 sanctum
643 1146 707 1196 mihi
720 1161 816 1195 numen
830 1187 833 1193 .

92 1251 164 1283 arma
176 1249 250 1296 rogo,
266 1234 383 1296 genetrix
396 1240 466 1283 nato.
494 1242 519 1284 te
532 1235 586 1284 filia
598 1235 684 1295 Nerei,

91 1332 115 1373 te
128 1325 212 1387 potuit
225 1323 338 1372 lacrimis
351 1323 475 1372 Tithonia
487 1324 589 1372 flectere
602 1325 725 1373 coniunx.

43 1419 69 1463 35
91 1414 176 1475 aspice
190 1413 234 1475 qui
248 1419 341 1460 coeant
353 1413 452 1475 populi,
468 1427 535 1475 quae
548 1414 652 1462 moenia
665 1413 759 1462 clausis

90 1503 186 1551 serrum
199 1509 294 1550 acuant
306 1502 386 1564 portis
399 1502 475 1550 inme
488 1502 669 1565 excidiumque
681 1503 819 1552 meorum’

91 1592 192 1639 dixerat
204 1598 229 1637 ct
242 1590 321 1638 niveis
334 1590 395 1638 hinc
409 1599 485 1652 atque
499 1591 559 1639 hinc
573 1591 632 1638 dira
644 1592 747 1640 lacertis

90 1686 254 1727 cunctantem
267 1680 389 1741 amplexu
402 1680 475 1727 molli
489 1679 566 1728 fovet.
593 1679 639 1727 ille
653 1687 757 1742 repente

90 1768 189 1830 aceepit
201 1768 304 1815 solitam
317 1768 447 1817 flammam
459 1775 587 1830 notusque
600 1768 729 1816 medullas

43 1863 71 1906 ³0
90 1857 194 1904 intravit
207 1856 278 1904 calor
291 1863 316 1904 et
328 1856 457 1904 labefacta
468 1871 514 1919 per
528 1871 587 1904 ossa
600 1857 720 1916 cucurrit,

89 1960 143 1993 non
156 1959 229 1993 secus
243 1952 319 2007 atque
334 1945 396 1992 olim
409 1945 505 1992 tonitru
519 1961 578 1993 cum
590 1951 666 2006 rupta
679 1959 786 1993 corusco

90 2035 168 2095 ignea
180 2034 246 2082 rima
258 2034 357 2081 micans
371 2034 496 2096 percurrit
509 2034 606 2082 lumine
619 2033 730 2080 nimbos.

90 2122 169 2170 sensit
180 2122 250 2170 laeta
263 2123 329 2170 dolis
343 2129 368 2170 et
380 2123 478 2170 formae
492 2123 596 2170 conscia
609 2121 732 2170 coniunx.

90 2219 144 2258 tum
157 2218 230 2272 pater
243 2217 347 2258 aeterno
360 2211 428 2259 fatur
441 2211 572 2259 devinctus
587 2224 675 2258 amore

43 2305 69 2349 ³5
87 2289 159 2361 ‘quid
174 2313 264 2346 causas
278 2300 343 2361 petis
356 2315 388 2347 ex
400 2301 473 2348 alto?
491 2299 586 2348 fiducia
599 2298 675 2348 cessit

90 2402 141 2450 quo
155 2387 210 2445 tibi,
227 2387 293 2446 diva,
309 2388 377 2435 mei?
396 2388 487 2435 similis
500 2388 521 2434 si
535 2403 597 2436 cura
609 2388 707 2445 fuisset,

90 2484 144 2524 tum
158 2489 261 2537 quoque
275 2474 312 2523 sas
325 2476 400 2523 nohis
413 2477 528 2524 Teucros
541 2490 645 2524 armare
654 2475 770 2531 luisses„

85 2578 135 2610 nec
142 2571 220 2624 pater
231 2565 397 2628 omnipotens
412 2566 527 2618 Troiam
539 2581 592 2616 nec
605 2565 666 2613 iata
676 2560 814 2609 ratapant

71 2655 141 2695 stare
149 2649 294 2715 decemque
303 2656 373 2706 alios
382 2658 534 2710 Priamum
542 2666 698 2722 superesse
708 2659 761 2709 per
771 2643 879 2686 anuos·
