1816 2956
112 174 170 222 114
347 183 373 221 Ρ.
390 182 511 222 vandum
531 183 662 223 leandrus

178 339 247 403 quod
272 353 356 402 neque
381 338 520 388 concubitu
551 339 688 402 indulgent
717 354 765 390 nec
796 320 905 403 corpor'

477 442 568 490 segnes

176 518 203 565 in
215 517 343 566 Venerem
356 518 459 566 solvont
471 524 516 573 aut
528 517 593 566 letus
605 517 709 565 nixibus
722 517 810 576 edunt,

107 612 158 655 200
176 621 264 655 verum
276 607 349 670 ipsse
362 621 375 655 e
388 606 457 655 foliis
471 612 545 654 natos
559 612 584 654 et
596 605 716 654 suavibus
729 605 815 654 herbis

178 709 221 743 ore
234 674 333 756 legunt,
347 695 418 756 ipsae
432 709 518 756 regem
530 709 674 758 parvosque
687 693 802 765 Quirites

177 782 308 831 sufiiciunt
320 783 444 845 aulasque
457 790 483 831 et
495 797 568 832 cerea
580 793 659 845 regna
672 783 809 845 refingunt.

177 885 255 934 saepe
268 873 345 920 etiam
359 873 428 920 duns
442 872 552 921 errando
564 872 592 919 in
605 871 705 937 cotibus
719 873 773 920 cles

178 960 295 1008 attrivere
303 938 427 1023 *ultroque
440 961 553 1008 animam
566 960 612 1008 suh
626 960 694 1008 fasce
707 961 814 1009 dederet

108 1053 157 1097 205
177 1055 263 1096 tantus
276 1063 349 1096 amor
361 1049 453 1096 florum
466 1057 491 1097 et
502 1049 642 1111 generandi
656 1049 741 1110 gloria
754 1049 849 1098 mellis.

178 1151 240 1198 ergo
252 1137 321 1204 ipsas
335 1138 450 1199 quamvis
463 1138 564 1199 angusti
578 1139 700 1186 terminus
715 1137 770 1186 aevi

178 1225 291 1288 excipiat
300 1225 396 1289 (neque
409 1226 477 1274 enim
489 1227 547 1289 plus
560 1226 669 1289 septima
682 1226 784 1274 ducitur
797 1227 903 1290 aestas),

178 1320 205 1362 at
217 1328 297 1375 genus
309 1315 448 1363 inmortale
460 1321 547 1364 manet
559 1315 704 1376 multosque
717 1329 763 1378 per
776 1329 860 1362 annos

178 1408 228 1450 stat
240 1402 343 1450 fortuna
355 1403 446 1451 domus
460 1411 485 1451 et
498 1403 536 1450 avi
550 1411 716 1452 numerantur
729 1418 845 1452 avorum.

109 1494 159 1537 210
177 1496 310 1553 praeterea
322 1506 409 1553 regern
421 1505 472 1539 non
487 1491 524 1540 sic
536 1492 668 1555 Aegyptos
682 1499 707 1540 et
719 1492 811 1554 ingens

177 1577 261 1640 Lydia
273 1594 319 1627 nec
332 1580 422 1642 populi
435 1580 590 1629 Parthorum
609 1587 654 1628 ant
665 1580 757 1628 Medus
771 1579 905 1643 Hydaspes

179 1667 321 1715 obsonant.
349 1682 409 1728 rege
421 1668 545 1716 incolumi
559 1683 630 1716 mens
644 1668 763 1716 omnibus
776 1676 870 1728 unast3

178 1755 273 1804 amisso
286 1771 377 1818 rupere
391 1757 467 1804 fidem
481 1764 678 1819 constructaque
690 1757 769 1805 mella

179 1845 307 1906 diripuere
319 1845 390 1907 ipsae
404 1853 429 1892 et
441 1853 522 1894 crates
535 1846 633 1893 solvere
647 1846 771 1893 favorum.

109 1938 158 1980 215
178 1933 223 1981 ille
236 1947 342 1995 operum
355 1941 448 1992 custos,
464 1934 538 1981 illurn
552 1935 712 1982 admirantur
724 1941 749 1982 et
762 1948 853 1983 omnes

179 2021 345 2068 circumstant
357 2021 458 2070 fremitu
473 2023 553 2070 denso
566 2024 712 2085 stipantque
725 2023 874 2085 frequentes

179 2115 204 2156 et
216 2122 292 2170 saepe
306 2111 428 2158 attollunt
441 2112 535 2158 umeris
549 2118 574 2159 et
587 2126 696 2174 corpora
710 2111 780 2159 licllo

179 2195 308 2243 obiectant
319 2197 504 2260 pulchramque
516 2207 606 2262 petunt
617 2215 662 2261 per
672 2201 901 2248 volneramortem.

214 2283 260 2331 His
274 2286 379 2346 qnidam
392 2287 472 2348 signis
486 2296 562 2349 utque
576 2289 639 2335 hncc
652 2289 772 2350 exempla
785 2290 867 2337 secuti

108 2378 159 2420 220
179 2387 233 2420 esse
247 2373 337 2435 apibus
351 2383 450 2436 partem
464 2375 564 2424 divinae
577 2377 669 2424 ruentis
683 2384 707 2424 ct
721 2377 829 2424 haustus

179 2461 305 2510 aetherios
320 2462 422 2511 dixere:
444 2464 520 2512 deum
534 2480 645 2527 namque
658 2466 694 2513 ire
707 2466 864 2527 peremnia,

178 2556 309 2612 terrasque
321 2558 468 2613 tractusque
482 2554 559 2600 maris
572 2553 902 2616 caelurnqueprofundurn3

176 2639 365 2702 hincpecudes‚
380 2647 503 2700 armenta,
518 2642 594 2701 viros,
608 2657 689 2704 genus
697 2657 773 2691 omne
780 2642 900 2700 ferarum,
