1816 2956
268 207 416 246 autumnos
434 208 522 246 LIBER
538 176 599 246 vn(
767 199 821 246 34l

102 366 170 413 haud
185 373 256 428 pater
269 365 313 412 ille
326 364 395 421 velit,
412 364 503 410 summi
518 371 639 425 regnator
653 363 765 426 Olympi.

103 455 164 502 cede
178 453 251 500 locis.
279 467 336 513 ego,
352 453 428 514 siqua
441 467 517 514 super
529 451 632 500 fortuna
645 453 796 510 laborumst‚

50 547 82 590 60
102 543 159 604 ipsa
172 532 281 602 regam.³
305 542 369 588 tales
383 541 489 588 dederat
502 539 623 588 Saturnia
635 556 725 590 voces:
804 521 807 527 ’

101 631 147 678 illa
160 637 245 679 autem
259 630 355 678 attollit
367 629 503 677 stridentes
516 629 644 689 anguibus
657 631 711 678 alas

103 718 246 780 Cocytique
258 717 323 780 petit
335 718 430 775 sedem,
446 732 538 779 supera
551 717 632 765 ardua
645 717 773 779 linquens.

102 816 139 855 est
152 809 225 855 locus
239 806 330 854 Italiae
343 806 428 853 medio
443 805 489 852 sub
503 805 633 853 montibus
646 806 714 864 altis,

104 895 197 942 nobilis
211 896 318 943 etfama
331 894 418 941 multis
432 901 587 943 memoratus
600 894 627 941 in
641 895 701 951 cris,

50 988 81 1031 65
101 984 253 1045 Ampsancti
267 984 361 1042 valles3
383 983 468 1030 densis
481 982 550 1030 bunc
563 982 697 1029 frondibus
711 990 794 1030 atrum

104 1080 194 1133 urguet
206 1072 335 1133 utrimque
348 1072 415 1119 latus
428 1071 540 1119 nemoris
554 1072 691 1133 medioque
710 1071 827 1132 fragosus

103 1161 147 1207 dat
160 1160 273 1207 sonitum
286 1160 355 1208 saxis
369 1167 393 1208 et
407 1167 473 1207 torto
487 1161 580 1208 vertice
594 1168 702 1208 torrens.
758 1171 759 1174 ’

102 1250 144 1296 hic
158 1263 249 1310 specus
262 1248 419 1296 horrendum
433 1256 458 1296 et
470 1249 538 1296 saevi
552 1249 681 1310 spiracula
694 1247 762 1296 Ditis

103 1344 277 1384 monstrantur
290 1343 417 1399 ruptoque
430 1337 521 1398 ingens
535 1336 682 1384 Acheronte
695 1350 793 1398 vorago

51 1430 83 1474 70
103 1425 235 1488 pestiferas
248 1426 331 1487 aperit
344 1425 439 1483 fauces,
456 1426 513 1487 quis
527 1425 631 1473 condita
645 1426 737 1488 erinys‚

102 1516 212 1562 invisum
225 1529 329 1572 numen,
345 1521 424 1562 terras
439 1515 590 1576 caelumque
603 1514 713 1562 levabat.

137 1603 190 1652 Nec
203 1604 287 1651 minus
301 1604 398 1650 interea
411 1610 551 1651 extremam
565 1600 686 1650 Saturnia
700 1601 770 1649 bello

103 1692 204 1752 inponit
216 1692 306 1752 regina
319 1705 433 1738 manum.
462 1691 513 1738 ruit
525 1691 609 1738 omnis
622 1691 648 1737 in
662 1690 752 1737 urbem

102 1787 234 1841 pastorum
248 1795 279 1828 ex
292 1780 347 1826 acie
361 1793 480 1826 numerus
494 1793 635 1840 caesosque
648 1784 782 1840 reportant

50 1873 81 1916 75
102 1868 242 1914 Almonem
255 1882 363 1929 puerum
376 1867 523 1929 foedatique
537 1882 582 1915 ora
596 1866 698 1916 Galaesi

102 1956 284 2018 inplorantque
297 1957 358 2003 deos
373 1955 583 2017 obtestanturque
595 1955 727 2006 Latinum.

102 2045 204 2091 Tumus
218 2045 291 2092 adest
303 2044 441 2106 medioque
454 2044 480 2091 in
495 2044 601 2092 crimine
615 2046 700 2093 caedis
713 2052 739 2094 et
751 2045 813 2108 igni.

101 2143 223 2181 terrorem
236 2134 387 2194 ingeminat,
403 2133 517 2181 Teucros
530 2133 557 2180 iu
570 2148 650 2195 regna
662 2134 757 2194 vocari,

102 2223 207 2284 stirpem
220 2222 355 2270 admisceri
368 2222 516 2283 Phrygiam,
533 2237 560 2270 se
572 2223 661 2271 limine
673 2223 747 2285 pelli.

49 2316 82 2357 80
102 2320 155 2357 turn
175 2326 285 2372 quorum
303 2311 428 2359 attonitae
444 2310 548 2358 Baccho
572 2326 677 2360 nemora
695 2311 752 2360 avia
774 2326 834 2359 ma·-

401 2407 452 2446 tres

100 2488 225 2536 insultant
238 2488 327 2536 thiasis
342 2487 436 2549 (neque
451 2488 519 2535 enim
533 2489 586 2537 leve
600 2503 694 2536 nomeu
704 2486 828 2549 Amatae)

101 2578 214 2638 undique
228 2577 328 2624 collecti
344 2585 437 2624 coeunt
449 2577 610 2639 Martemque
624 2577 742 2636 fatigant.

99 2665 169 2712 ilicet
182 2665 317 2713 infandum
331 2666 415 2714 cuncti
430 2672 521 2714 contra
534 2666 627 2713 omina
633 2664 754 2715 bellum„
