1816 2956
330 196 450 240 ECLOGA
468 199 510 240 111.
781 195 816 241 ll

91 372 169 421 quem
182 370 240 404 mea
253 355 409 404 carminibus
422 357 557 406 meruisset
569 359 656 408 fistule
669 361 793 422 caprum?

91 447 112 495 si
126 446 219 504 noscis,
234 459 307 492 mous
320 445 364 493 ille
378 461 454 508 caper
467 446 532 506 fuit;
553 449 654 497 etmihi
667 448 772 496 Damon

91 535 148 598 ipse
160 534 304 592 fatebatur3
323 534 367 581 sed
381 535 488 583 reddere
501 550 577 597 posse
590 535 711 597 negabat.

45 629 70 672 25
91 639 120 670 m.
143 621 280 671 Cantando
299 628 327 670 tu
345 622 438 670 illurn?
463 630 508 670 aut
525 639 649 687 umquem
668 623 715 672 tibi
734 624 821 673 fistula

394 725 454 760 cera

91 800 181 847 iuncta
193 799 258 848 fuit?
271 815 324 847 non
338 800 405 847 tuin
417 799 507 859 triviis,
522 799 636 859 indocte,
651 800 754 849 solebas

91 887 210 935 stridenti
222 888 345 936 miserum
358 889 454 951 stipula
467 888 615 951 disperdere
628 889 750 937 carmen?

92 992 120 1024 n.
141 976 188 1024 Vis
200 990 270 1038 ergo,
285 977 352 1025 inter
364 992 411 1024 nos
424 977 485 1039 quid
498 978 580 1039 possit
590 986 698 1040 uterque
708 977 821 1026 vicissim

93 1066 274 1127 experiamur?
293 1079 341 1126 ego
354 1065 422 1114 hanc
434 1065 540 1114 m'tulam
554 1065 598 1127 (ne
611 1066 677 1114 forte
690 1080 801 1125 recuses,

45 1159 74 1202 30
93 1153 133 1201 bis
145 1154 215 1202 venit
228 1155 259 1201 sd
273 1155 418 1213 mulctram,
434 1154 508 1202 binos
521 1155 567 1202 ulit
580 1153 658 1202 ubero
671 1154 749 1218 fetus)

94 1243 211 1305 depono:
233 1250 260 1290 tu
274 1243 323 1301 dic,
339 1258 440 1292 mecum
453 1258 505 1305 quo
518 1244 627 1305 pignore
641 1250 731 1291 certes.

93 1347 122 1378 nr.
143 1330 268 1392 Degrcge
275 1346 328 1379 non
336 1331 419 1379 ausim
426 1331 566 1394 quicquam
579 1332 707 1393 deponere
720 1340 818 1379 tecum:

93 1427 133 1468 est
144 1419 207 1468 mihi
220 1434 333 1482 namque
346 1420 416 1468 domi
429 1428 516 1482 pater,
537 1427 575 1468 est
592 1416 687 1467 iniusta
700 1434 819 1478 noverca,

93 1508 185 1571 bisque
198 1508 240 1556 die
252 1516 389 1556 numerant
401 1509 477 1556 embo
490 1523 582 1571 pecus,
598 1510 662 1556 alter
675 1515 700 1556 et
712 1508 819 1556 haedos.

45 1602 73 1646 35
93 1611 190 1656 verum,
204 1597 231 1645 id
245 1598 314 1659 quod
328 1597 409 1645 multo
423 1604 476 1646 tute
489 1598 544 1660 ipse
556 1597 668 1645 fatebere
681 1596 764 1643 maius

94 1684 219 1749 (insanire
232 1686 295 1735 libet
307 1686 431 1749 quoniam
444 1686 512 1749 tibi),
526 1686 622 1748 pocula
635 1700 730 1747 ponam

94 1774 191 1836 sagina,
207 1776 334 1824 caelatum
348 1775 426 1824 divini
440 1790 505 1838 opus
519 1774 725 1832 Alcimedontis;

94 1863 165 1911 lente
177 1864 271 1926 quibus
284 1871 359 1911 torno
373 1864 443 1912 facili
456 1862 623 1926 superaddita
635 1863 692 1910 vitis

94 1951 202 2000 diffusos
215 1951 310 2000 hedera
322 1952 397 2000 vestit
408 1953 522 2015 pallente
535 1951 679 2013 corymbos.

45 2045 75 2088 to
95 2041 122 2088 in
135 2041 220 2088 medio
234 2041 285 2089 duo
299 2041 383 2102 signa,
399 2039 492 2089 Conon
506 2048 531 2088 et
544 2067 578 2074 -
591 2039 648 2101 quis
661 2039 710 2086 fuit
722 2040 795 2098 alter,

95 2129 231 2192 descripsit
242 2129 316 2176 radio
330 2137 412 2176 totum
425 2128 469 2190 qui
482 2127 602 2190 gentibus
616 2128 713 2187 orbem,

95 2224 212 2280 tompore
224 2232 291 2280 quae
303 2232 408 2275 messor,
423 2231 490 2279 quoe
502 2231 592 2264 curvos
605 2224 691 2264 arator
700 2217 822 2266 haberet?

95 2306 206 2354 necdum
219 2307 271 2355 illis
284 2306 357 2354 labra
370 2305 481 2363 admovi,
497 2306 541 2352 sed
555 2305 660 2352 condita
672 2320 754 2353 scrvo.

95 2409 122 2442 n.
144 2394 177 2442 Et
189 2395 264 2443 nobis
277 2396 346 2443 idem
358 2395 513 2443 Alcimedon
527 2395 578 2441 duo
592 2394 687 2455 poculo
699 2393 768 2450 feeit,

45 2487 75 2530 45
96 2490 121 2531 et
133 2484 207 2531 molli
220 2483 317 2532 circum
330 2490 368 2532 est
380 2498 456 2531 ansus
468 2483 604 2548 amplexus
618 2481 743 2543 sesninc,

93 2570 245 2628 Orpheaque
254 2571 282 2616 1¹11
295 2572 384 2620 medio
395 2576 488 2639 posuit
501 2577 643 2646 silvasque
655 2573 819 2644 sequendos

71 2651 181 2694 necdum
192 2653 248 2702 illis
258 2657 335 2707 lubra
349 2665 476 2734 admovi,
491 2673 545 2724 sed
562 2674 685 2726 condito
698 2684 784 2723 servo
793 2683 805 2715 '-
