1816 2956
45 109 102 157 176
279 120 305 160 P·
323 120 445 161 vanem
464 121 596 162 Maaouls

110 283 188 325 testor
200 277 227 324 in
241 292 334 326 occasu
347 285 430 326 vestro
450 293 498 327 nec
511 280 562 328 tela
575 294 623 328 nec
635 280 702 328 ullas

108 366 226 417 vitavisse
239 366 315 425 vices,
330 366 453 416 Danaum
466 376 499 428 et,
515 370 536 418 si
549 369 603 419 lata
616 369 733 427 fuissent,

108 461 136 505 ut
149 455 267 504 caderem
279 457 402 504 meruisse
414 471 501 504 manu.
531 458 676 507 divellimur
688 459 763 508 inde:

39 546 89 590 435
108 543 208 606 Iphitus
221 551 246 593 et
258 544 343 594 Pelias
357 560 458 594 mecum
472 544 595 608 (quorum
607 547 707 610 Iphitus
722 563 785 597 aevo

107 632 160 687 iam
172 633 283 694 gravior,
298 633 383 683 Pelias
397 641 422 682 et
434 635 538 684 volnere
551 636 639 684 tardus
652 637 736 698 Ulixi)

107 722 224 785 protinus
237 723 270 771 ad
284 723 356 771 sedes
369 723 466 772 Priami
480 725 594 773 clamore
607 725 700 774 vocati.

105 809 149 859 hie
161 825 222 859 vero
235 810 367 872 ingentem
380 826 503 874 pugnam,
520 827 567 861 ceu
581 821 666 861 cetera
677 829 808 877 nusquam

106 899 280 957 bellatorem,
295 900 361 948 nulli
375 907 429 947 tota
441 909 602 949 morerentur
614 902 641 949 in
655 902 727 960 urbe,
746 942 750 951 .

37 991 88 1035 440
104 988 141 1036 sic
153 989 263 1038 Martem
275 989 431 1037 indomitum
440 989 598 1053 Danaosque
611 991 645 1039 ad
658 996 726 1040 tecta
738 991 836 1040 ruentis

106 1077 233 1125 cemimus
247 1077 431 1140 obsessumque
444 1085 503 1126 acta
515 1080 643 1132 testudine
656 1079 744 1128 limen.

105 1165 212 1215 haerent
223 1166 363 1229 parietibus
377 1167 472 1226 scalae,
487 1167 619 1230 postisque
634 1166 681 1215 sub
694 1167 766 1230 ipsos

105 1255 222 1302 nituntur
232 1255 356 1317 gradibus
369 1255 518 1318 clipeosque
531 1256 564 1304 ad
577 1256 629 1304 tela
641 1256 750 1304 sinistris
824 1311 825 1314 Ἴ

105 1344 214 1406 protecti
228 1344 352 1403 obiciunt,
368 1350 491 1407 prensant
502 1343 606 1405 fastigia
620 1344 725 1394 dextris.
792 1385 793 1388 ,

36 1434 86 1479 445
104 1431 271 1481 Dardanidae
285 1440 375 1481 contra
388 1433 464 1481 turris
478 1449 508 1495 ae
521 1440 588 1481 tecta
601 1426 738 1483 domorum

105 1520 389 1580 culminaconvellunt;
404 1521 486 1580 hisso,
503 1523 607 1585 quando
615 1523 708 1571 ultima
715 1533 833 1583 cernunt,
859 1550 864 1559 ·

104 1617 218 1658 extrema
231 1611 283 1659 iam
296 1611 323 1658 in
335 1618 418 1659 morte
431 1617 524 1673 parant
537 1610 673 1659 defendere
687 1612 761 1672 telis3

104 1706 258 1761 arrratasque
271 1698 369 1757 trabes,
385 1707 499 1747 veterum
512 1700 606 1748 deeora
619 1700 672 1748 alta
684 1709 832 1763 parentum,

104 1787 254 1835 devolvont:
276 1788 321 1836 alii
335 1787 429 1835 strictis
442 1787 607 1836 mucronibus
620 1788 685 1837 imas

34 1879 85 1923 450
104 1876 226 1925 obsedere
239 1877 322 1936 fores3
343 1876 389 1924 has
402 1883 505 1924 servant
517 1876 620 1938 agmine
634 1878 722 1926 denso.

103 1965 237 2014 instaurati
251 1966 330 2013 animi
344 1966 410 2027 regis
424 1980 571 2014 succurrere
584 1966 656 2014 tectis

103 2054 253 2116 auxilioque
267 2055 351 2102 levare
363 2055 430 2101 viros
444 2055 546 2117 vimque
559 2055 653 2103 addere
666 2055 748 2103 victis.

137 2143 229 2191 Limen
243 2151 297 2192 erat
310 2158 454 2206 caecaeque
467 2143 534 2191 fores
548 2150 573 2191 et
585 2143 685 2208 pervius
698 2159 761 2192 usus

102 2239 227 2280 tectorum
239 2232 306 2279 inter
319 2247 346 2280 se
359 2232 455 2281 Priami
468 2238 606 2295 postesque
619 2233 702 2282 relicti

33 2324 83 2368 455
102 2327 211 2382 clergo,
227 2320 318 2368 infelix
331 2336 430 2382 quase,
447 2322 508 2369 dum
522 2335 601 2383 regna
614 2321 764 2381 manebant,

101 2409 202 2472 saepius
216 2408 399 2458 Andromache
412 2409 478 2459 ferre
491 2410 643 2458 incomitata
655 2410 758 2459 solebat

102 2498 133 2546 ad
147 2512 249 2546 soceros
264 2506 288 2547 et
301 2514 348 2547 avo
361 2513 469 2562 puerum
482 2499 641 2560 Astyanacta
653 2499 781 2549 trahebat.

99 2587 181 2636 evado
194 2588 226 2636 ad
240 2588 333 2636 summi
347 2588 451 2651 fastigia
464 2588 592 2646 culminis,
608 2588 677 2637 unde
