1816 2956
271 200 418 240 nunninus
442 200 529 238 erasa
545 199 586 239 iv.
766 188 828 237 289

101 365 228 407 armatam
240 357 339 405 facibus
353 364 461 404 matrem
474 364 499 404 ct
512 357 672 418 serpentibus
686 356 746 403 atris

101 463 161 496 cum
173 447 240 508 fugit
252 446 409 507 ultricesque
422 446 512 493 sedent
524 445 550 492 in
565 445 654 492 limine
667 445 756 493 Dirae«

136 536 207 597 Ergo
220 534 265 583 ubi
280 534 398 596 concepit
411 534 490 581 furias
504 534 585 581 evicta
598 534 688 582 dolore

49 629 82 676 75
102 624 267 686 decrevitque
279 623 354 681 mori,
370 630 470 685 tempus
483 637 570 670 secum
582 623 640 684 ipsa
652 623 809 685 modumque

103 713 185 775 exigit
196 720 223 761 et
235 719 361 761 maestam
375 712 448 759 dictis
463 712 585 772 adgressa
598 725 712 759 sororem

103 802 241 851 consilium
254 801 325 848 voltu
338 801 402 862 tegit
414 815 444 848 ac
457 814 529 862 spem
542 799 625 847 fronto
638 809 747 847 serenat.

99 881 206 948 ‘inveni
221 903 355 952 germana,
370 889 438 936 viam
451 887 565 950 (gratare
578 888 672 952 sorori)

104 979 248 1043 quaemihi
262 979 353 1026 reddat
365 993 424 1026 eum
437 979 476 1028 vel
496 992 527 1025 eo
540 992 581 1025 me
594 977 678 1024 solvat
691 985 831 1025 amantem.

49 1074 83 1118 80
104 1067 202 1119 Oceani
216 1068 293 1115 finem
306 1067 379 1114 iuxta
392 1068 525 1128 solemque
538 1067 673 1115 cadentem

104 1157 210 1206 ultimus
223 1156 382 1218 Aethiopum
396 1157 469 1203 locus
484 1163 522 1204 est
533 1155 578 1202 ubi
591 1155 720 1202 maximus
733 1156 809 1203 Atlas

104 1259 179 1294 axem
192 1259 280 1293 umero
295 1251 397 1307 torquet
410 1245 490 1293 stellis
504 1244 652 1292 ardentibus
666 1251 770 1307 aptum:

104 1334 165 1383 hinc
178 1334 241 1381 mihi
254 1334 383 1395 Massylae
396 1334 480 1395 gentis
493 1339 636 1381 monstrata
649 1334 779 1392 sacerdos,

103 1422 275 1485 Hesperidum
288 1423 376 1484 templi
391 1429 485 1481 custos,
502 1423 643 1484 epulasque
656 1422 762 1469 draconi

49 1518 83 1562 85
103 1526 169 1575 quae
183 1510 262 1558 dabat
275 1519 300 1558 et
312 1526 399 1559 sacros
413 1511 531 1559 servabat
543 1511 570 1557 in
584 1511 674 1558 arbore
689 1525 784 1568 ramos,

103 1614 227 1664 spargens
241 1600 330 1647 umida
343 1601 424 1648 mella
437 1600 660 1663 soporiferumque
674 1613 794 1661 papaver.

104 1689 170 1738 haec
182 1703 210 1736 se
223 1688 380 1736 carminibus
393 1690 521 1751 promittit
534 1690 632 1736 solvere
645 1695 744 1736 mentes

104 1793 169 1841 quaa
181 1777 251 1835 velit,
267 1782 306 1824 ast
319 1777 376 1824 aliis
391 1778 467 1825 duras
481 1778 609 1825 inmittere
623 1791 713 1836 curas3

104 1867 193 1915 sistere
206 1881 301 1928 aquam
313 1866 395 1913 fluviis
410 1875 435 1915 et
446 1874 543 1915 vertere
556 1867 641 1914 sidera
654 1872 737 1924 retro·;

49 1962 84 2006 90
104 1963 297 2019 nocturnosque
309 1964 396 2004 movet
408 1955 506 2013 manis;
528 1955 627 2016 mugire
640 1955 737 2004 videbis

104 2045 151 2093 sub
165 2046 273 2107 pedibus
287 2052 381 2094 terram
395 2051 420 2093 et
431 2045 586 2093 descendere
599 2045 729 2092 montibus
743 2059 830 2092 ornos.

104 2140 191 2193 testor,
208 2150 275 2194 cara,
292 2135 353 2183 deos
367 2142 392 2182 et
405 2142 438 2192 te,
453 2148 586 2195 germana,
601 2142 725 2196 tuumque

104 2223 179 2270 dulce
193 2231 277 2286 caput,
294 2225 408 2285 magicas
422 2223 528 2270 invitam
541 2222 672 2283 accingier
685 2222 755 2269 artis.

103 2317 132 2358 tu
144 2321 241 2360 secreta
254 2327 344 2375 pyram
357 2319 424 2360 tecto
439 2311 560 2359 interiore
573 2311 619 2358 sub
634 2325 709 2359 auras

49 2404 82 2450 95
104 2399 173 2461 erige
186 2405 211 2448 et
224 2401 362 2459 armanni,
379 2401 495 2448 thalamo
508 2415 575 2462 quae
588 2400 640 2446 fixa
652 2399 759 2461 reliquit

104 2487 207 2549 impius,
223 2490 379 2552 exuviasque
393 2490 477 2536 omnis
490 2490 637 2551 lectumque
649 2487 772 2548 iugalem,

104 2591 157 2640 quo
169 2577 242 2639 perii,
258 2578 476 2640 superinponant:
499 2579 601 2626 abolere
614 2575 719 2625 nefandi

104 2651 847 2728 cunctavirimonumentaiuvatmonstratquesaceruost
