1816 2956
257 189 405 232 taurinos
424 190 512 230 traua
527 191 547 229 1.
743 178 799 226 137

77 351 139 400 hino
151 357 254 414 portum
265 348 330 412 petit
342 354 368 396 et
380 347 464 397 socios
476 347 586 411 partitur
598 347 625 394 in
639 345 721 394 omnis
731 362 737 406 3

29 445 57 490 ³5
77 440 137 488 vina
149 439 231 488 bonus
245 452 311 501 qnae
325 437 418 486 deinde
431 436 502 485 cadis
515 444 635 484 onerarat
647 435 754 484 Acestes

77 529 152 578 litore
165 527 300 576 Trinacrio
314 527 471 589 dederatque
483 525 636 574 abeuntibus
649 525 724 573 heros

77 617 168 666 dividit
180 624 205 666 et
218 617 292 666 dictis
305 615 446 664 maerentia
458 619 564 677 pectora
575 613 679 662 mulcet.

110 697 145 755 ‘0
158 706 223 754 socii
236 705 332 769 (neque
351 705 420 754 enim
437 704 521 766 ignari
540 717 628 751 sumus
647 708 705 751 ante
724 701 804 750 malo·

377 793 456 857 rum),

76 897 94 931 o
106 883 175 946 passi
188 883 314 946 graviora,
330 882 402 931 dabit
414 883 476 931 deus
489 883 529 930 his
543 897 646 945 quoque
659 881 744 929 finem.

29 977 57 1020 >0
77 986 122 1020 vos
136 979 162 1021 et
174 971 319 1035 Scyllaeam
332 971 430 1020 rabiem
443 972 596 1034 penitusque
607 969 724 1018 sonantis

76 1056 185 1109 aeeestis
198 1062 328 1125 scopulos,
343 1076 388 1110 vos
402 1068 428 1109 et
440 1060 565 1123 Cyclopia
577 1074 642 1107 sana

77 1150 191 1212 experti:
213 1156 330 1199 revocate
344 1150 444 1199 animos
456 1157 634 1213 maestumque
647 1150 765 1198 timorem

75 1238 185 1299 mittite3
206 1238 293 1288 forsan
307 1240 408 1288 ethaeo
421 1239 484 1287 olim
496 1238 644 1287 meminisse
656 1238 761 1288 iuvabit.

75 1341 122 1390 per
134 1327 219 1376 varios
233 1343 317 1388 casus,
332 1343 378 1392 per
391 1335 430 1376 tot
442 1328 591 1376 discrimina
604 1343 690 1377 rerum

29 1420 56 1464 lb
76 1415 205 1465 tendimus
218 1418 244 1465 in
257 1417 371 1477 Latium,
386 1418 459 1466 sedes
472 1417 516 1464 nbi
529 1417 582 1465 fata
595 1418 694 1481 quietas

77 1506 232 1567 ostenduam
253 1507 308 1555 illio
320 1507 359 1554 sas
372 1521 452 1568 regna
465 1520 597 1568 resurgere
610 1507 712 1556 Troiae.

77 1593 167 1643 durate
181 1601 206 1643 et
217 1602 317 1644 vosmet
328 1594 403 1644 rebus
416 1603 514 1644 servate
526 1589 664 1644 secundis?

112 1682 189 1731 Talia
200 1699 263 1733 voce
275 1684 360 1744 refert,
376 1686 495 1748 curisque
508 1684 655 1747 ingentibus
668 1699 745 1746 aeger

76 1786 149 1835 spem
162 1773 232 1821 voltu
245 1773 364 1833 simulat,
385 1775 479 1836 premit
492 1774 572 1822 altum
586 1775 663 1823 corde
677 1774 801 1822 dolorem.

29 1865 56 1908 lo
75 1860 115 1909 illi
128 1875 155 1910 se
168 1863 280 1924 praedae
292 1862 432 1925 accingunt
444 1863 605 1926 dapibusque
618 1863 725 1910 futuris:

76 1956 180 2012 tergora
192 1951 322 2014 deripiunt
335 1952 412 2000 costis
425 1959 450 2001 et
463 1953 560 2001 viscera
573 1953 687 2012 nudant;

75 2053 136 2102 pars
148 2038 176 2086 in
189 2039 270 2088 frusta
282 2048 371 2089 secant
387 2041 540 2104 veribusque
556 2041 692 2090 trementia
707 2041 803 2102 figunt;

75 2127 152 2176 litore
164 2143 230 2177 aena
243 2129 331 2178 locant
343 2130 387 2179 alii
400 2131 569 2194 flammasque
581 2130 736 2178 ministrant.

75 2223 131 2265 tum
143 2217 211 2266 vietu
224 2225 346 2267 revocant
357 2219 422 2268 vires
435 2220 538 2283 fusique
550 2235 597 2284 per
609 2220 716 2269 herbam

29 2310 55 2354 l5
74 2305 208 2368 inplentur
219 2307 310 2356 veteris
322 2308 419 2357 Bacchi
433 2310 587 2374 pinguisque
600 2310 706 2359 ferinae.

74 2401 213 2458 postquam
237 2404 358 2460 exempta
382 2398 462 2448 sames
488 2400 570 2463 epulis
592 2413 747 2463 mensaeque
765 2413 804 2446 re-

376 2494 471 2548 motae,

74 2572 183 2621 amissos
197 2575 278 2637 longo
291 2575 375 2623 socios
389 2590 506 2626 sermone
519 2578 660 2640 requirunt,

75 2676 198 2726 spemque
210 2671 360 2729 metumque
372 2665 440 2716 inter
453 2665 538 2729 dubii,
551 2681 601 2718 eeu
608 2666 700 2717 uiuere
709 2665 825 2715 erebant
