1816 2956
302 201 453 242 Aruernos
471 201 557 242 menn
571 202 602 242 11.
791 194 849 242 165
881 231 885 238 .

55 365 104 408 llo
124 358 220 421 effugia
233 365 258 407 et
271 359 374 421 culpam
386 358 454 407 hanc
466 359 619 408 miserorum
632 367 715 408 morte
731 359 849 424 piabunt.

124 447 194 510 quod
208 454 232 495 te
245 461 291 510 per
303 462 409 509 superos
423 455 448 497 et
462 449 566 497 conscia
579 449 687 497 numina
699 449 761 509 veri,

123 537 257 600 persique
269 543 307 585 est
321 551 386 599 quae
397 544 475 586 restet
487 537 572 586 adhuc
583 537 853 600 mortalibususquem

123 625 277 673 intemerata
290 625 361 684 fides,
378 639 433 685 oro,
449 626 569 675 miserere
582 626 702 675 laborum

123 719 263 773 tantorum,
279 714 400 762 miserere
413 715 491 762 animi
505 730 558 762 non
572 716 652 777 digna
664 707 788 765 ferentis?

54 809 103 852 145
159 802 205 851 His
219 802 332 850 lacrimis
345 803 423 850 vitam
435 803 525 851 damus
538 811 563 852 ct
573 805 760 853 miserescimus
772 805 851 853 ultro.

123 891 179 954 ipse
191 892 245 939 vire
258 892 356 954 primus
369 892 484 940 manicas
498 899 575 955 atque
589 900 643 941 arta
656 893 735 941 levari

93 985 95 988 ’
122 981 209 1028 vincla
220 979 292 1028 iubet
304 980 422 1029 Priamus
437 981 563 1044 dictisque
575 982 612 1030 ita
624 981 692 1029 satur
705 981 803 1030 amicis.

122 1069 249 1132 fquisquis
262 1083 301 1128 es,
318 1069 425 1117 amissos
439 1069 500 1118 hinc
513 1071 566 1118 iam
579 1070 729 1119 obliviscere
743 1068 850 1130 Graios3

123 1165 211 1206 noster
224 1158 282 1206 eris.
310 1157 424 1221 mihique
437 1159 502 1208 haee
516 1160 626 1208 edissere
639 1173 698 1207 vcra
709 1159 827 1220 roganti:

55 1253 104 1295 150
125 1262 177 1311 quo
196 1248 291 1296 molem
315 1246 383 1295 hane
406 1247 518 1295 inmanis
542 1248 601 1311 equi
625 1246 754 1296 statuere?
795 1247 852 1310 quis

426 1337 533 1385 auctor?

124 1423 218 1486 quidve
241 1425 349 1488 petunt?
386 1440 453 1488 quae
473 1425 564 1487 religio
585 1430 629 1473 aut
646 1439 713 1487 quae
731 1424 854 1473 machina

425 1505 513 1562 belli‘t'

125 1602 233 1650 dixerat.
261 1602 314 1661 ille,
332 1601 398 1649 dolis
411 1603 550 1650 instructus
564 1611 589 1651 ct
602 1609 655 1651 arte
668 1603 788 1665 Pelasga,

124 1691 227 1738 sustulit
240 1697 328 1738 exutas
342 1691 432 1739 vinclis
446 1692 478 1738 ad
492 1691 576 1739 sidere
589 1692 704 1754 palmas:

120 1769 186 1838 ινοε,
202 1780 298 1827 aeterni
312 1780 393 1841 ignes,
410 1787 435 1827 ct
447 1794 500 1826 non
513 1780 634 1829 violabile
647 1787 758 1828 vestrum

57 1874 104 1916 155
125 1875 205 1917 testor
217 1859 320 1916 numen'
334 1869 378 1927 ait,
391 1859 446 1916 ‘vos
460 1883 519 1916 arae
533 1883 657 1932 ensesque
669 1868 775 1917 nefandi

125 1972 190 2020 quos
203 1957 258 2018 fugi
271 1957 401 2019 vittaeque
415 1958 490 2005 deum
504 1972 568 2020 quas
581 1957 667 2006 hostia
679 1958 762 2020 gessi:

124 2046 162 2093 fus
176 2045 239 2094 mihi
255 2045 393 2094 Graiorum
406 2054 507 2094 sacratu
520 2048 647 2095 resolvere
659 2046 725 2106 iure,

124 2134 162 2182 fas
176 2135 260 2183 edisse
273 2135 340 2183 viros
354 2143 430 2197 atque
444 2136 532 2183 omnia
545 2136 611 2184 serre
624 2135 670 2183 sub
685 2151 761 2184 auras
816 2129 818 2132 ⁴

124 2223 200 2286 siqua
212 2230 311 2285 tegunt,
327 2232 416 2272 teneor
428 2225 527 2287 patriae
541 2240 588 2275 ncc
601 2225 701 2287 legibus
715 2226 784 2274 ullis.

52 2317 103 2361 160
124 2319 151 2360 tu
164 2313 242 2360 mode
256 2313 389 2375 premissis
402 2328 507 2362 maneas
521 2323 672 2377 servataque
685 2329 769 2363 serves

122 2401 203 2449 Troia
215 2401 301 2461 fidem,
318 2402 338 2450 si
352 2417 411 2450 veru
424 2402 513 2460 seram,
529 2403 550 2450 si
563 2417 659 2464 magna
671 2403 820 2465 rependam.

122 2491 206 2538 omnis
219 2505 277 2553 spes
290 2491 411 2538 Dunaurn
425 2499 449 2539 et
462 2491 546 2554 coepti
560 2491 654 2539 fiducia
667 2491 728 2540 belli

122 2578 238 2627 Palladis
252 2579 355 2627 auxiliis
369 2594 470 2641 semper
483 2580 560 2628 stetit.
589 2580 683 2641 impius
697 2593 793 2642 exque
817 2570 821 2575 ’

122 2668 235 2731 Tydides
248 2669 291 2716 scd
307 2669 375 2717 enim
389 2669 572 2735 scelerumque
584 2667 835 2722 inuenturlllines,
