1816 2956
88 186 148 233 470
326 193 352 231 P.
368 190 490 230 l'llllGILl
512 189 642 229 MARONIS

157 350 245 412 pulsus
260 347 292 395 ob
305 347 429 395 invidiam
443 361 524 408 regno
536 347 653 409 uiresque
667 347 794 409 superbas

88 443 138 487 540
157 436 280 485 Priverno
294 436 401 498 antiqua
413 435 531 483 Metabus
545 450 603 483 cum
616 435 751 484 excederet
766 437 842 496 urbe,

157 525 282 574 infantem
294 525 395 586 fugiens
409 523 496 572 media
508 523 575 571 inter
586 523 687 585 proelia
700 523 763 573 belli

157 614 259 662 sustulit
272 614 351 662 exilio
365 613 486 661 comitem
499 611 638 674 matrisque
651 613 753 660 vocarit

156 703 261 751 nomine
276 701 425 758 Casmillae,
441 705 540 748 mutata
552 706 633 762 parte,
650 698 802 749 Camillam.

156 792 211 854 ipsa
224 791 282 839 sinu
295 804 357 854 prae
370 804 397 837 se
410 796 516 850 portans
528 788 590 849 iuga
602 789 683 849 longa
696 789 804 851 petebat

88 884 137 928 545
157 880 272 927 solorum
284 893 435 935 nemorum3
455 877 508 925 tela
520 876 634 939 undique
648 891 725 924 saera
738 879 881 940 premebam

157 975 182 1016 et
196 966 350 1017 circumfuso
363 965 508 1012 volitabant
520 964 601 1011 milite
615 964 713 1012 Volsci.

157 1070 216 1104 ecce
229 1055 306 1116 fugae
319 1055 405 1102 medio
418 1053 524 1101 summis
537 1053 683 1100 Amasenus
697 1054 840 1105 abundans

157 1143 294 1207 spumabat
307 1144 385 1206 ripis3
405 1150 491 1190 tantus
505 1155 532 1188 se
546 1141 656 1189 nubibus
670 1142 754 1190 imber

157 1241 269 1295 ruperat.
296 1232 350 1290 ille,
365 1232 454 1279 inuare
468 1245 571 1293 parans,
587 1230 692 1278 infantis
706 1246 799 1282 amore

87 1326 138 1369 550
158 1320 273 1369 tardatur
286 1335 397 1382 caroque
412 1320 482 1367 oneri
496 1319 576 1367 timot.
605 1320 691 1366 omnia
705 1334 797 1369 secum

157 1409 267 1457 versanti
281 1409 365 1456 subito
379 1408 421 1454 vix
433 1408 498 1456 haec
511 1408 639 1455 sententia
651 1408 732 1455 sedit:

157 1497 237 1545 telum
249 1497 362 1555 inmane,
378 1512 457 1543 manu
470 1497 556 1544 valida
570 1497 638 1558 quod
653 1496 718 1544 forto
731 1499 844 1558 gerebat

157 1586 276 1645 bellator,
291 1585 403 1633 solidum
416 1586 491 1632 nodis
506 1594 530 1633 et
543 1585 635 1633 robore
649 1594 732 1642 cocto,

157 1675 217 1723 huic
231 1682 326 1732 natam,
343 1674 408 1722 libro
423 1681 447 1721 et
460 1675 568 1721 silvestri
581 1674 671 1721 subere
688 1675 819 1727 clausam.

87 1769 136 1811 555
157 1765 265 1826 inplicat
278 1771 355 1825 atque
367 1763 482 1810 habilem
494 1763 594 1810 mediae
607 1763 774 1823 circumligat
784 1766 885 1816 hastae

158 1868 235 1914 quam
249 1852 339 1900 dextra
351 1852 450 1912 ingenti
464 1851 561 1898 librans
575 1852 611 1897 ita
625 1852 657 1898 ad
672 1852 780 1900 aethera
795 1856 873 1903 latur.

153 1930 242 1998 ‘alma
259 1939 304 1987 tibi
319 1940 395 1998 hanc,
411 1955 546 1988 nemorum
560 1940 662 1996 cultrix,
679 1939 798 1990 Latonia
808 1945 885 2006 virgo

156 2030 209 2091 ipse
223 2036 296 2091 pater
308 2029 433 2076 famulam
447 2043 535 2076 voveo.
563 2036 607 2075 tna
620 2029 703 2089 prima
717 2044 764 2090 per
779 2048 859 2080 auras

157 2117 209 2165 tela
222 2127 310 2165 tenens
324 2118 434 2179 supplex
446 2117 546 2164 hostem
560 2117 633 2178 sugit.
662 2117 762 2179 accipe,
784 2132 874 2170 testor.

87 2211 138 2254 560
158 2205 216 2252 diva
229 2213 308 2257 tuam,
325 2221 391 2268 quae
404 2220 472 2253 nunc
486 2206 570 2253 dubiis
584 2205 754 2253 committitur
769 2204 862 2258 aru·is.'

157 2295 222 2342 <lixit
236 2304 260 2343 et
274 2296 385 2343 adducto
400 2301 545 2342 contortum
558 2294 651 2342 hastile
665 2294 764 2341 lacerto

156 2384 276 2432 inmittit:
299 2397 407 2431 sonuere
421 2383 515 2441 undae,
531 2383 649 2444 rapidum
663 2397 741 2443 super
756 2402 865 2437 arrrncra

153 2475 248 2527 infelix
261 2472 329 2539 sugit
340 2473 368 2520 in
379 2472 465 2520 iaculo
477 2472 599 2519 stridente
614 2470 735 2518 Camilla.

149 2579 180 2622 at
194 2569 334 2628 Metabus,
350 2577 453 2626 magua
464 2559 572 2623 proprus
580 2558 637 2603 'ram
646 2569 770 2611 urguente
782 2576 886 2614 caterva.

60 2670 118 2718 565
146 2668 197 2720 dat
212 2682 279 2719 sese
291 2661 380 2716 fimo
395 2663 481 2716 aeque
491 2649 602 2696 uastam
613 2640 784 2695 curaxairgxuc
792 2645 876 2688 uictor
