1816 2956
102 172 163 219 364
341 181 366 219 Ρ.
385 181 505 220 VERGILI
525 180 655 220 MARONIS

172 353 219 386 uec
232 345 256 385 te
270 337 339 384 ullae
352 337 439 395 facies,
455 350 507 383 non
521 336 611 384 terruit
623 336 677 398 ipse
690 336 844 398 Typhoeus,

172 427 267 475 arduos
280 440 353 473 arma
365 433 463 483 tenens,
480 439 533 472 non
547 431 572 472 te
584 425 691 472 rationis
704 433 827 486 egentem

101 521 153 564 300
172 514 303 563 Lernaeus
316 513 392 561 turba
404 514 517 576 capitum
531 513 698 561 circumstetit
710 515 817 574 anguis.

173 601 252 662 salve,
267 617 327 651 veru
339 603 407 653 Iovis
420 603 515 664 proles,
531 602 608 650 decus
622 601 709 649 addite
723 601 800 659 divis,

173 698 199 740 et
210 706 258 738 nos
272 698 298 739 et
309 698 354 738 tua
367 692 456 738 dexter
469 690 510 737 adi
524 690 589 752 pede
601 705 677 738 sacra
689 682 826 739 secundo.'

174 780 237 829 talia
250 778 407 828 carminibus
420 778 566 837 celebrant3
587 793 664 839 super
677 778 766 826 omnia
780 777 846 827 Caci

173 856 324 931 speluncam
337 868 453 916 adiciunt
465 868 657 929 spirantemque
669 867 774 928 ignibus
787 868 877 931 ipsum

103 962 153 1005 305
175 965 301 1005 consonat
314 971 390 1005 omne
397 971 487 1004 nemus
500 956 607 1017 strepitu
621 955 752 1017 collesque
765 959 879 1005 resultat

208 1045 284 1093 Exim
298 1060 326 1093 se
340 1045 425 1093 cuncti
439 1044 531 1092 divinis
545 1043 620 1092 rebus
634 1044 666 1091 ad
680 1044 771 1092 urbem

173 1133 292 1197 perfectis
305 1134 425 1182 referunt.
453 1132 508 1180 ibat
519 1148 565 1181 rex
578 1132 676 1180 obsitus
689 1147 752 1180 aevo

174 1230 199 1270 et
212 1223 332 1270 comitem
345 1224 451 1270 Aenean
465 1222 537 1269 iuxta
550 1228 691 1283 natumque
704 1221 811 1270 tenebat

174 1311 321 1372 ingrediens
334 1311 458 1372 varioque
471 1311 537 1357 viam
550 1324 668 1357 sermone
681 1309 793 1357 levabat.

104 1405 155 1447 310
174 1399 282 1448 miratur
294 1399 430 1461 facilisque
445 1399 533 1447 oculos
548 1399 596 1447 sert
609 1399 696 1445 omnia
709 1399 809 1447 circum

174 1489 276 1537 Aeneas
290 1488 441 1550 capiturque
455 1488 518 1534 locis
532 1493 557 1534 ct
569 1488 672 1547 singula
686 1487 767 1534 iaetus

175 1577 337 1639 exquiritque
351 1577 472 1638 auditque
492 1576 573 1622 virum
590 1583 758 1624 monumenta
775 1577 879 1638 priorur

174 1672 228 1712 tum
242 1680 288 1713 rex
300 1665 445 1722 Euandrus,
460 1665 593 1711 Romanae
607 1665 724 1711 conditor
738 1666 817 1724 arcis,

171 1743 248 1802 ‘haec
266 1769 372 1801 nemore
392 1753 528 1814 indigenae
547 1752 617 1800 fauni
636 1752 820 1815 nymphaeque
839 1764 879 1804 ten

476 1841 538 1889 bant

105 1936 156 1979 315
176 1945 290 1993 gensque
304 1931 385 1977 virum
399 1930 494 1977 truncis
509 1937 533 1977 et
546 1931 610 1977 duro
624 1929 715 1976 robore
729 1936 802 1989 nata,

177 2020 233 2081 quis
257 2033 341 2080 neque
364 2034 420 2066 mos
444 2033 527 2080 neque
551 2019 634 2065 cultus
654 2025 708 2064 erat
730 2032 779 2065 nec
800 2019 879 2081 iunge

477 2115 564 2154 tauros

176 2203 221 2244 aut
234 2210 378 2258 conponere
392 2210 453 2257 opes
466 2203 561 2242 norant
574 2203 617 2241 aut
629 2208 735 2256 parcere
748 2204 835 2256 parto,

147 2322 148 2325 η
176 2287 220 2334 sed
234 2285 299 2334 rami
313 2291 389 2345 atque
403 2297 477 2345 asper
489 2285 556 2330 victu
570 2290 674 2330 venatus
689 2283 783 2331 alebat.
809 2312 812 2316 Δ

176 2375 273 2436 primus
287 2373 318 2421 ab
333 2373 446 2420 aetherio
460 2373 529 2420 venit
542 2371 667 2419 Saturnus
682 2370 806 2434 Olympo,

102 2468 156 2511 320
174 2478 248 2513 arma
262 2461 329 2511 Iovis
342 2461 444 2523 fugiens
458 2469 482 2508 et
494 2461 580 2521 regnis
594 2462 653 2508 exul
667 2461 805 2522 ademptis.

162 2555 188 2605 is
201 2571 290 2622 genus
303 2554 425 2605 indocile
439 2567 470 2601 ao
483 2551 632 2612 dispersum
640 2547 772 2593 monimus
782 2551 844 2594 alus

154 2651 311 2717 conposuit
325 2650 466 2714 legesque
478 2634 732 2691 destinatumque
739 2628 833 2670 uocum

63 2698 90 2759 L
