1816 2956
246 190 393 229 nanninus
416 191 502 228 LIBER
519 191 582 229 l'lll·
751 183 785 228 37
795 184 809 229 5

88 349 148 394 dum
161 356 194 405 te,
211 362 268 394 care
282 362 353 409 puer,
369 362 427 394 mea
439 348 496 394 sola
510 354 534 394 et
547 362 603 394 sera
616 347 744 408 voluptas,

88 436 228 498 conplexus
242 443 326 492 teneo,
342 436 444 496 gravior
458 449 507 482 neu
520 435 625 482 nuntius
638 436 707 483 auris

86 515 219 572 volneret.'
245 524 309 572 haec
321 525 424 585 genitor
437 523 552 584 digressu
566 523 634 572 dicta
647 539 767 586 supremo

87 613 219 670 fundebat,
235 612 325 660 famuli
340 614 493 674 conlapsum
505 612 532 658 in
546 619 613 659 tecta
625 611 749 660 ferebant.

39 705 65 748 35
121 701 228 763 Iamque
241 701 306 748 adeo
320 702 418 749 exierat
430 701 511 763 portis
524 700 652 761 equitatus
666 702 770 763 apertis,

85 790 187 838 Aeneas
201 790 267 837 inter
280 790 376 851 primos
390 797 415 837 et
427 790 493 837 fidus
507 788 628 846 Achates,

85 879 146 925 inde
159 879 203 926 alii
217 877 312 925 Troiae
326 892 453 939 proceres,
469 877 524 939 ipse
537 877 640 938 agmine
653 876 740 924 Pallas

86 967 113 1013 in
124 967 227 1023 medio,
243 965 378 1026 chlamyde
392 972 417 1012 et
429 966 504 1027 pictis
518 972 670 1027 conspectus
683 965 710 1011 in
724 967 810 1023 armis,

86 1054 171 1115 qualis
184 1054 228 1101 ubi
243 1052 340 1102 Oceani
354 1054 471 1115 perfusus
485 1053 588 1101 Lucifer
601 1054 679 1110 unda,

39 1148 67 1189 '30
87 1120 164 1203 quem
176 1143 264 1190 Venus
278 1150 338 1189 ante
351 1142 417 1189 alios
431 1149 558 1190 astrorum
572 1142 657 1202 diligit
669 1142 745 1203 ignis,
793 1191 794 1194 ,

87 1232 179 1278 extulit
191 1245 219 1279 os
233 1245 335 1278 sacrum
348 1231 421 1278 caelo
435 1229 604 1292 tenebrasque
617 1231 729 1279 resolvit.

86 1327 154 1366 stant
166 1319 275 1381 pavidae
287 1318 314 1365 in
328 1319 408 1366 muris
421 1325 515 1366 matres
528 1319 662 1381 oculisque
675 1327 796 1368 secuntur

86 1409 233 1469 pulveream
245 1407 340 1455 nubem
354 1415 379 1456 et
392 1407 513 1469 fulgentis
527 1421 585 1455 aare
599 1414 721 1456 catervas.

86 1497 131 1544 olli
145 1511 191 1559 per
204 1497 295 1543 dumos
309 1511 360 1557 qua
374 1497 492 1558 proxima
505 1502 574 1544 meta
586 1496 685 1544 viarum

39 1591 66 1633 35
86 1586 178 1634 armati
192 1585 316 1643 tenduut;
337 1585 357 1632 it
370 1586 469 1633 clamor
481 1591 507 1632 et
519 1585 622 1645 agmine
636 1585 704 1633 facto

85 1674 297 1736 quadrupedante
317 1681 417 1736 putrem
436 1655 522 1721 sonitu
540 1673 623 1735 quatit
635 1675 733 1734 ungula
747 1689 814 1722 cam·

387 1777 457 1824 pum.

87 1857 124 1898 est
137 1851 229 1911 ingens
242 1851 357 1911 gelidum
371 1852 444 1898 lucus
457 1865 537 1912 prope
552 1848 661 1898 Caeritis
675 1864 787 1903 amnem,

87 1940 213 1999 religione
226 1947 329 2002 patrum
343 1941 395 1987 late
408 1922 496 1997 sacer3
518 1939 632 2000 undique
646 1938 725 1986 colles

87 2028 213 2076 inclusere
227 2029 282 2076 cavi
297 2036 322 2076 et
335 2028 410 2089 nigra
423 2042 511 2075 nemus
525 2026 608 2074 abiete
622 2027 737 2087 cingunt.

39 2122 67 2164 )0
88 2117 193 2164 Silvano
206 2116 276 2164 fama
289 2124 327 2164 est
339 2124 436 2164 veteres
450 2130 565 2164 sacrasse
578 2115 710 2175 Pelasgos,

87 2219 206 2253 arvorum
218 2206 370 2267 pecorisque
383 2206 441 2263 deo,
457 2206 595 2266 lucumque
609 2204 736 2265 diemque,

87 2294 131 2355 qui
145 2294 221 2355 primi
235 2294 292 2341 linis
307 2294 448 2356 aliquando
461 2293 574 2341 habuere
587 2291 704 2340 Latinos.

87 2382 157 2430 haud
171 2383 259 2444 procul
275 2381 444 2430 hincTarcho
459 2389 484 2429 et
491 2380 617 2442 Tyrrheni
631 2387 685 2426 tuta
693 2379 815 2427 tenebant

87 2478 171 2519 castra
185 2470 248 2518 locis
263 2471 383 2531 celsoque
396 2470 480 2517 omnis
494 2471 526 2519 de
539 2470 606 2517 colle
618 2469 702 2515 videri

39 2564 66 2609 35
84 2559 137 2607 iarn
147 2568 251 2621 poterat
262 2560 332 2621 legio
346 2566 371 2608 et
383 2559 446 2610 latis
459 2559 592 2610 tendebat
601 2559 635 2606 in
647 2555 732 2603 aruis.

70 2648 124 2694 liae
133 2656 213 2708 pater
223 2649 332 2702 Aeneas
342 2658 375 2723 ¹et
388 2651 465 2702 bello
481 2653 560 2713 lecta
574 2651 713 2709 iuuentus
