1816 2956
260 205 429 246 onoaercou
447 205 534 245 trinua
548 206 590 244 111.
785 195 823 244 03

96 363 146 412 heu
160 365 229 412 male
242 370 297 411 tum
310 364 408 426 Libyae
421 363 483 410 solis
497 370 596 410 erratur
609 363 635 409 in
650 363 727 423 agris.

51 459 76 500 50
96 466 184 501 norme
197 452 267 501 vides
281 463 309 500 ut
321 459 376 501 tota
389 460 485 500 tremor
498 460 651 514 pertemptet
664 466 789 513 equorum

96 557 215 604 corpora,
230 542 251 588 si
265 548 366 588 tamtum
379 548 453 588 notas
467 541 532 588 odor
546 541 633 589 attulit
646 541 739 588 auras?

96 646 127 680 ac
134 645 219 693 neque
228 645 271 678 eos
283 631 336 678 iam
348 630 420 677 frena
432 629 513 676 virum
526 644 609 691 neque
621 629 727 677 verbera
739 644 823 678 sacra.

95 734 149 767 non
169 719 269 781 scopuli
289 733 416 781 rupesque
437 733 513 766 carrae
533 725 610 780 atquc
629 718 730 766 obiecta
748 726 825 765 retar-

399 808 462 855 dant

96 897 211 955 flumina,
227 905 359 959 correptos
372 897 443 944 unda
455 896 603 957 torquentia
616 904 724 943 montes.

51 992 75 1035 '³5
96 987 152 1049 ipse
165 986 217 1033 ruit
230 986 370 1046 dentesque
383 983 529 1032 Sabellicus
543 985 646 1032 exacuit
658 1000 710 1042 sus,

96 1081 122 1123 et
134 1075 199 1138 pede
213 1074 357 1136 prosubigit
370 1080 472 1132 terram,
488 1073 563 1121 srieat
577 1073 668 1120 arbore
682 1079 775 1124 costas,

97 1170 175 1226 atque
188 1163 249 1211 hinc
262 1169 339 1224 atque
351 1163 425 1210 illine
438 1176 540 1209 umeros
554 1162 586 1209 ad
599 1162 706 1209 volnera
723 1161 805 1208 durat.

97 1253 159 1315 quid
174 1251 281 1311 iuvenis,
297 1267 420 1313 magnum
434 1252 474 1299 eui
489 1250 611 1298 versatio
626 1249 726 1297 ossibus
740 1249 826 1309 ignem

98 1343 177 1389 durus
192 1339 282 1388 amor?
307 1355 399 1403 nempe
412 1339 527 1403 abruptis
541 1339 644 1386 turbata
657 1338 778 1401 procellis

51 1436 76 1479 to
95 1437 171 1478 noete
185 1437 257 1477 natat
271 1444 348 1477 caeca
360 1444 430 1477 serus
449 1429 530 1488 freta3
552 1443 628 1491 quem
646 1442 721 1490 super
735 1427 826 1487 ingens

97 1527 173 1581 porta
186 1526 258 1566 tonat
272 1518 336 1566 caeli
351 1526 375 1565 et
388 1518 501 1580 seopulis
514 1517 593 1565 inlisa
605 1517 747 1565 reclamant

98 1622 220 1669 aequora,
236 1621 284 1654 nee
296 1607 381 1654 miseri
395 1614 504 1669 possunt
516 1621 637 1655 revocare
650 1613 768 1668 parentes

98 1711 145 1744 nec
159 1696 283 1743 moritura
295 1710 371 1756 super
384 1696 482 1743 erudeli
495 1695 585 1745 funere
601 1695 681 1756 virgo.

99 1785 161 1848 quid
175 1785 261 1847 lynces
274 1784 371 1832 Bacchi
385 1784 470 1832 variae
484 1791 509 1832 et
520 1798 602 1846 genus
616 1798 674 1831 aere
688 1783 808 1844 luporum

51 1879 77 1922 55
99 1881 175 1935 atque
199 1873 310 1920 eanum?
348 1873 409 1934 quid
431 1887 497 1935 qnae
516 1873 626 1921 inbelles
646 1872 708 1919 dant
727 1869 827 1933 proclia

400 1961 485 2009 cervi?

98 2050 198 2098 seilicet
211 2057 270 2098 anto
284 2050 367 2097 omnis
380 2050 451 2098 furor
465 2057 503 2098 est
515 2050 624 2112 insignis
638 2064 779 2112 equarum3

98 2145 124 2187 et
136 2145 248 2187 mentem
261 2139 348 2187 Venus
361 2139 419 2201 ipsa
432 2140 503 2187 dedit
516 2154 567 2201 quo
582 2146 696 2202 tempore
710 2137 802 2186 Glauci

99 2228 238 2275 Potniades
252 2227 327 2275 malis
341 2228 457 2277 membra
470 2228 635 2291 absumpsere
649 2228 800 2290 quadrigae.

62 2302 74 2326 ⁴
97 2317 157 2365 illas
171 2315 242 2364 ducit
255 2331 327 2362 amor
340 2324 410 2364 trans
424 2315 543 2379 Gargara
556 2325 677 2378 transque
690 2323 826 2363 sonantem

51 2411 77 2454 l0
99 2405 256 2463 Ascanium
276 2412 399 2467 superant
411 2413 511 2454 montes
525 2413 550 2453 et
562 2406 668 2453 flumina
681 2402 793 2451 tr'anant.

98 2494 273 2556 continuoque
286 2494 366 2542 avidis
380 2494 423 2543 ubi
437 2493 545 2546 subdita
556 2495 668 2546 damma
677 2490 809 2542 medullis

89 2582 159 2640 (vere
169 2582 262 2642 magle,
279 2585 343 2646 qnia
357 2602 419 2639 vere
432 2591 511 2641 calor
527 2591 602 2642 redit
616 2582 755 2645 ostiensi,
765 2576 841 2624 'blm

74 2677 118 2708 ore
131 2680 224 2716 omnes
239 2686 331 2728 versae
344 2678 376 2730 in
399 2685 565 2753 zephyrum
582 2688 667 2735 stant
681 2671 812 2737 ruputas*
829 2654 883 2707 iffi
