1816 2956
32 116 95 164 202
274 126 301 165 r.
318 123 440 165 vancrar
461 124 591 164 uaaoms

105 290 130 330 et
142 288 236 330 terram
250 282 367 331 altricem
380 283 448 330 saevi
462 297 613 331 execramur
625 283 703 331 Ulixi.

105 385 167 418 mox
179 377 206 418 et
217 370 346 419 Leucatae
359 370 478 418 nimbosa
490 371 626 418 cacumina
639 372 734 418 montis

32 462 85 509 275
106 467 132 508 et
143 459 296 507 formidatus
310 460 395 508 nautis
409 459 522 522 aperitur
534 460 641 522 Apollo.

105 548 174 596 hunc
187 548 297 612 petimus
310 548 369 598 lessi
383 555 408 596 et
419 563 514 610 parvae
527 548 686 596 succedimus
699 548 771 606 urbi3

106 647 203 685 ancora
216 636 247 684 de
260 652 338 700 prora
350 636 450 695 iacitur,
466 644 536 684 stant
548 637 623 685 litore
636 651 744 700 puppes.

141 725 211 787 Ergo
224 726 355 790 insperata
367 727 472 774 tandem
485 726 577 773 tellure
589 726 664 788 potiti

107 815 297 877 lustramurque
309 813 364 862 Iovi
376 815 494 877 votisque
506 814 667 862 incendimus
680 828 738 861 aras

34 907 87 951 280
106 903 235 966 Actiaque
248 902 333 951 lliacis
348 902 507 951 celebramus
521 903 598 951 litora
610 903 687 950 ludis.

107 999 228 1040 exercent
241 991 336 1054 patrias
350 991 408 1040 oleo
422 991 524 1040 labente
537 991 679 1053 palaestras

107 1081 197 1128 nudati
216 1080 297 1140 socii3
317 1079 388 1127 iuvat
400 1080 510 1128 evasisse
523 1086 561 1126 tot
574 1079 649 1126 urbes

107 1170 244 1231 Argolicas
257 1169 408 1231 mediosque
420 1168 509 1230 fugam
522 1168 634 1216 tenuisse
647 1181 692 1229 per
705 1168 795 1216 hostis.

107 1258 206 1306 interea
218 1272 342 1318 magnum
355 1258 394 1305 sol
409 1257 616 1305 circumvolvitur
629 1271 726 1304 annum

36 1351 88 1394 285
109 1353 135 1395 et
146 1346 265 1408 glacialis
279 1345 360 1393 hiems
374 1345 540 1408 aquilonibus
553 1354 655 1408 asperat
667 1346 765 1392 undas:

110 1449 168 1483 aere
182 1448 244 1482 cavo
258 1434 379 1496 clipeum,
395 1434 483 1495 magni
496 1441 629 1496 gestamen
642 1433 761 1492 Abantis,

109 1522 225 1586 postibus
240 1522 352 1570 adversis
365 1522 417 1584 ligo
431 1530 456 1570 et
469 1537 523 1570 rem
536 1522 650 1570 carmine
664 1523 748 1584 signo,

108 1612 219 1660 ‘Aeneas
233 1611 297 1660 haec
310 1611 341 1660 de
354 1611 453 1659 Danais
466 1611 604 1659 victoribus
619 1626 690 1659 arma
700 1603 715 1669 3’

110 1700 226 1763 linquere
240 1707 294 1747 turn
307 1707 396 1762 portus
410 1700 486 1747 iubeo
501 1708 525 1749 et
539 1700 672 1748 considere
685 1699 813 1747 transtris.

37 1794 90 1837 290
111 1789 228 1837 certatim
242 1788 305 1836 socii
319 1787 414 1836 feriunt
427 1802 497 1836 mare
511 1796 536 1836 et
549 1803 663 1850 aequora
676 1795 788 1835 verrunt.

108 1877 228 1940 protinus
242 1877 323 1925 aerias
337 1876 484 1925 Phaeacum
498 1877 679 1925 abscondimus
694 1891 765 1924 arces

110 1967 239 2028 litoraque
252 1966 324 2028 Epiri
338 1966 448 2027 legimus
461 1974 588 2028 portuque
602 1965 717 2012 subimus

113 2053 232 2103 Chaonio
247 2063 272 2102 et
285 2055 381 2102 celsam
394 2054 513 2102 Buthroti
528 2053 673 2102 accedimus
687 2053 786 2100 urbem.

148 2143 197 2191 Hic
209 2143 368 2192 incredibilis
382 2158 467 2191 rerum
480 2143 549 2190 fama
563 2150 673 2204 occupat
686 2142 764 2200 auris,

42 2238 92 2280 295
113 2232 261 2281 Priamiden
275 2232 404 2281 Helenum
417 2230 509 2278 Graias
523 2245 630 2292 regnare
644 2245 689 2292 per
702 2231 787 2289 urbes,

113 2321 235 2383 coniugio
250 2322 381 2370 Aeacidae
394 2319 485 2382 Pyrrhi
499 2320 656 2381 sceptrisque
670 2319 790 2381 potitum,

114 2418 139 2458 et
152 2410 235 2473 patrio
249 2408 451 2457 Andromachen
464 2409 556 2455 iterum
570 2408 675 2456 cessisse
689 2408 792 2455 marito.

114 2499 237 2562 opstipui,
253 2499 371 2559 miroque
383 2497 517 2544 incensum
530 2503 618 2558 pectus
633 2510 720 2544 amore

114 2588 272 2650 compellare
286 2586 367 2633 virum
381 2592 405 2633 et
419 2599 493 2633 cusiis
508 2599 664 2646 cognoscere
677 2592 773 2632 tantos.
