1816 2956
338 179 526 221 causandus.

56 345 88 386 10
109 354 153 386 seu
167 338 234 386 furta
247 339 366 387 dicantur
380 345 432 396 tua,

109 436 134 475 et
145 428 249 476 heluato
263 443 320 475 sera
333 426 489 490 patrimonio

107 517 134 563 in
147 517 225 566 fratre
240 516 409 579 parsimonia,

108 606 146 653 vel
160 613 217 653 acta
230 619 310 668 puero
325 619 382 652 cum
395 603 454 650 viris
468 603 584 652 convivia

108 695 225 755 udaeque
238 709 283 756 per
296 707 415 740 sornnum
429 699 500 740 uates

58 787 87 829 15
109 791 133 829 et
145 782 227 830 inscio
240 788 344 843 reponte
358 780 498 828 clamatum
511 781 616 843 insuper

109 870 242 927 thalassio,
258 869 392 917 thalassio.

110 957 171 1018 quid
185 957 309 1018 palluish,
325 955 438 1004 semina?
457 972 490 1004 an
504 957 553 1005 ioci
568 957 673 1004 dolent?

109 1059 143 1092 an
156 1045 225 1093 sacta
237 1045 373 1105 cognoscis
386 1044 448 1092 tua?

108 1148 161 1180 non
174 1147 215 1180 me
229 1133 331 1180 vocabis
345 1147 438 1195 spurce
450 1147 496 1196 per
510 1131 625 1195 Cotyttia

56 1226 89 1269 20
109 1223 140 1269 ad
155 1221 259 1269 feriatos
273 1221 394 1279 fascinos,

109 1326 156 1359 nec
170 1311 229 1358 dein
243 1323 345 1357 movere
358 1308 460 1358 lumbos
473 1309 500 1356 in
514 1311 647 1358 crocotula

108 1399 207 1462 prensis
221 1398 312 1447 videbo
329 1398 462 1457 altaribus,

107 1490 252 1551 flavumque
265 1494 370 1550 propter
382 1487 507 1550 Thybrim
520 1488 619 1536 olentes
632 1489 765 1537 nauticum

108 1592 208 1634 vocare,
225 1577 268 1624 ubi
282 1576 407 1638 appulsae
420 1584 487 1624 rates

57 1670 89 1712 25
109 1673 178 1712 stant
190 1666 217 1712 in
229 1665 301 1712 vadis
315 1679 395 1713 caeno
408 1671 522 1713 retentae
536 1665 641 1713 sordido

109 1767 247 1814 macraque
260 1753 386 1800 luctantes
400 1768 482 1814 aqua,

110 1855 193 1903 neque
206 1841 232 1887 in
246 1841 358 1888 culinam
372 1849 396 1888 ct
409 1847 487 1888 uncta
501 1842 650 1903 compitalia

109 1929 240 1991 dapesque
253 1929 330 1977 duces
343 1929 470 1987 sordidas,

109 2017 201 2079 quibus
215 2018 327 2078 repletus
340 2024 368 2064 ut
380 2017 496 2065 salivosis
510 2017 589 2064 labris

55 2111 88 2153 30
109 2105 214 2153 obesam
227 2105 259 2152 ad
274 2119 381 2153 uxorem
397 2106 465 2153 redis

108 2200 133 2240 et
146 2201 291 2240 aestuantes
305 2200 380 2241 nocte
393 2193 470 2240 solvis
485 2194 608 2255 pantices,

108 2294 137 2328 os
151 2295 232 2343 usque
244 2281 337 2329 lambis
351 2282 435 2329 saviis.

108 2384 177 2417 nunc
191 2369 274 2428 laede,
289 2384 358 2416 nunc
372 2369 477 2427 lacesse,
493 2371 514 2417 si
528 2371 668 2433 quicquam
681 2372 765 2420 vales:

108 2465 133 2504 et
146 2472 241 2505 nomen
255 2458 373 2505 adscribo
387 2465 467 2505 tunna

55 2550 88 2592 35
108 2545 216 2594 cinaede
228 2545 301 2604 Luci,
318 2560 351 2593 an
365 2552 390 2593 te
403 2546 562 2608 reliquerunt
574 2561 636 2610 opes

107 2634 226 2695 fameque
239 2634 345 2694 genuini
359 2635 481 2696 erepant?
