1816 2956
275 184 423 224 Aruernos
438 185 526 224 urnas
542 185 594 224 vu.
773 174 834 222 345

106 343 188 389 mixta
200 342 249 389 deo
263 341 364 399 mulier,
380 347 517 402 postquam
530 340 671 389 Laurentia
683 341 764 389 victor

108 429 226 492 Geryone
240 430 353 478 extincto
366 428 516 491 Tirynthius
529 430 615 490 attigit
628 445 689 477 arva

106 519 291 581 Tyrrhenoque
305 519 382 566 boves
395 519 422 565 in
435 517 539 566 flumine
552 518 614 566 lavit
626 518 744 567 Hiberas.

106 608 160 670 pila
172 622 251 655 manu
263 612 403 668 saevosque
416 613 509 668 gerunt
520 605 547 652 in
560 606 629 655 bella
642 607 749 655 dolones

45 699 86 742 {65
106 704 131 744 et
143 696 215 743 tereti
228 703 346 758 pugnant
358 709 481 743 mucrone
493 708 604 756 veruque
618 692 732 743 Sabello.

105 785 161 847 ipse
174 785 260 846 pedes,
277 784 389 845 tegimen
402 790 524 845 torquens
537 784 642 831 inmane
654 783 746 842 leonis,

105 873 212 920 terribili
226 873 350 935 inpexum
363 880 443 930 saeta,
459 887 517 919 cum
530 871 648 920 dentibus
662 872 727 921 albis

105 961 210 1008 indutus
224 961 310 1023 capiti,
326 961 363 1008 sic
376 960 447 1021 regia
461 966 528 1008 tectu
541 960 653 1018 subibat,

105 1049 234 1107 horridus,
249 1049 430 1110 Herculeoque
442 1063 543 1096 umeros
557 1049 666 1096 innexus
681 1048 785 1096 amictu.

45 1143 66 1187 tt
70 1143 85 1185 0
141 1138 208 1184 Tum
221 1137 317 1198 gemini
331 1137 421 1184 fratres
434 1136 552 1185 Tiburtia
565 1137 669 1185 moenia
681 1137 789 1198 lincunt,

104 1226 189 1274 fratris
201 1225 301 1272 Tiburti
315 1225 410 1273 dictam
424 1227 577 1286 cognomine
590 1232 702 1286 gentem,

106 1312 268 1376 Catillusque
281 1328 391 1375 acerque
405 1312 496 1373 Coras,
511 1315 608 1376 Argiva
621 1315 747 1372 iuventus,

105 1410 130 1452 et
142 1404 250 1467 primam
264 1411 324 1451 ante
337 1403 419 1450 aciem
433 1404 512 1450 densa
524 1403 590 1452 inter
602 1404 654 1452 tela
666 1403 790 1461 feruntur,

103 1507 151 1540 ceu
164 1493 216 1539 duo
230 1491 375 1553 nubigenae
388 1507 446 1539 cum
460 1492 552 1540 vertice
565 1493 660 1539 montis
674 1491 705 1539 ab
718 1492 772 1540 alto

45 1585 83 1629 475
104 1581 263 1629 descendunt
276 1579 414 1638 Centauri,
437 1579 567 1629 Homolen
585 1579 745 1642 Othrquue
762 1579 834 1628 niva-

405 1668 455 1716 lem

102 1757 249 1817 linquentes
263 1771 338 1803 cursu
352 1757 459 1818 rapido,
481 1757 525 1804 dat
538 1757 656 1804 euntibus
669 1757 760 1818 ingens

103 1844 167 1890 silva
180 1844 266 1890 locum
280 1850 305 1890 et
316 1858 411 1904 magno
426 1845 521 1892 cedunt
533 1845 646 1906 virgulta
658 1845 769 1907 fragore.

137 1930 190 1978 Noc
202 1931 384 1980 Praenestinae
398 1932 520 1980 fundator
533 1932 614 1981 defuit
626 1933 705 1993 urbis,

102 2019 220 2067 Volcano
234 2019 350 2079 genitum
362 2035 457 2082 pecora
469 2021 535 2069 inter
548 2022 661 2082 agrestia
673 2005 771 2085 regem*

49 2112 82 2155 80
101 2108 283 2169 inventumque
297 2108 361 2156 focis
375 2109 458 2156 omnis
472 2123 549 2170 quem
562 2111 670 2158 credidit
683 2118 762 2170 aetas,

102 2194 239 2244 Caeculus.
267 2197 336 2246 hune
350 2198 418 2259 legio
432 2199 482 2245 late
496 2198 634 2247 comitatur
646 2200 762 2261 agrestis,

101 2285 197 2346 quiquo
211 2286 291 2333 altum
305 2287 443 2334 Praeneste
460 2287 506 2333 viri
525 2288 621 2349 quique
638 2303 699 2336 arva
713 2287 831 2337 Gabinae

99 2373 207 2421 Iunonis
220 2375 387 2436 gelidumque
400 2376 529 2423 Anienem
542 2383 567 2424 et
579 2377 681 2426 roseida
694 2377 753 2424 rivis

99 2461 212 2510 Hernica
226 2478 289 2509 saxa
303 2465 399 2521 colunt,
416 2479 480 2525 quos
495 2465 564 2512 dives
577 2466 700 2526 Anagnia
713 2465 804 2528 pascit,
825 2518 828 2525 ,

48 2555 80 2598 85
102 2566 175 2612 quos,
191 2553 321 2599 Amasene
335 2559 416 2613 pater.
444 2567 497 2599 non
510 2554 562 2600 illis
576 2554 695 2602 omnibus
709 2568 790 2611 arma,

99 2653 146 2686 neo
161 2640 235 2701 clipei
250 2655 369 2688 currusve
382 2648 491 2700 sonant;
511 2657 569 2704 pars
589 2643 705 2689 maxima
720 2641 836 2700 glanem
