1816 2956
61 181 120 229 526
164 171 166 175 ’
298 194 324 232 r.
341 192 462 232 vunnim
483 190 616 232 trunonis

129 349 220 398 videbo
235 349 372 398 habentem
385 356 487 412 praeter
498 349 606 410 ignavos
619 349 688 398 nihil

129 438 220 485 fratres
234 445 258 485 et
271 438 365 486 iratum
377 437 463 487 Iovem

129 527 289 589 scissumque
302 534 416 575 ventrem
429 534 454 575 et
467 525 580 575 herniosi
593 527 680 589 patrui

77 620 111 662 40
131 615 209 678 pedes
223 615 311 663 inedia
323 616 448 676 turgidos.

438 703 484 752 VI·
549 725 551 729 Α

130 791 158 839 Si
172 791 233 839 mihi
248 799 395 854 susceptum
408 791 485 840 inerit
497 790 633 839 decurrere
648 805 759 853 munus,

166 896 182 928 o
196 881 314 943 Paphon,
330 895 345 927 ο
359 881 432 929 sedes
446 894 513 943 quac
526 878 590 927 colis
602 878 715 938 Idalias,

130 969 224 1017 Troius
237 970 340 1017 Aeneas
352 968 472 1016 Romana
484 982 530 1031 per
542 966 639 1030 oppida
653 967 740 1029 digno

165 1058 218 1105 iam
231 1058 335 1106 tandem
349 1065 377 1104 ut
389 1065 474 1105 tecum
488 1056 601 1105 carmine
613 1063 704 1104 vectus
719 1065 773 1117 eat,

96 1151 110 1194 5
130 1161 182 1193 non
197 1161 245 1207 ego
259 1154 314 1194 ture
327 1146 406 1193 modo
419 1153 464 1193 aut
476 1145 545 1208 picta
558 1152 602 1193 tus
615 1145 718 1207 templa
732 1147 829 1196 tabells

167 1235 265 1282 ornabo
280 1242 305 1282 et
317 1234 387 1296 puris
400 1241 468 1281 serta
481 1234 561 1282 leram
575 1232 716 1293 manibus;
875 1294 878 1301 Ι

133 1324 251 1384 corniger
264 1323 334 1371 haud
348 1323 414 1371 aries
427 1323 542 1380 humilis,
557 1322 601 1370 sed
615 1321 738 1370 maxima
751 1331 839 1372 taurus

167 1413 271 1459 victima
282 1419 398 1460 sacratos
411 1419 515 1474 sparget
529 1411 627 1458 honore
641 1409 727 1470 focos,

132 1514 343 1562 marmoreusque
356 1500 411 1561 tibi,
428 1501 485 1559 dcc,
500 1499 572 1547 mille
586 1498 723 1548 coloribus
738 1503 793 1551 ales

81 1595 112 1637 10
168 1590 193 1636 in
207 1604 305 1637 rnorem
318 1589 387 1651 picta
399 1588 477 1636 stabit
491 1589 571 1636 Amor
587 1586 722 1649 pharetra.

133 1679 210 1734 adsis,
228 1694 242 1725 0
257 1677 399 1739 Cytherea:
421 1684 479 1723 tuus
493 1685 517 1724 te
531 1674 627 1724 Caesar
642 1675 764 1740 Olympo

169 1777 193 1815 et
207 1766 352 1814 Surrentini
366 1765 448 1812 litoris
463 1779 509 1812 ora
521 1772 604 1811 vocat.

435 1853 492 1900 Vll.

133 1945 170 1991 Itc
184 1945 252 1999 hinc,
268 1944 358 1991 inanes
372 1944 406 1989 ito
420 1942 551 1989 rhetorum
565 1941 708 2003 ampullae,

134 2033 222 2079 inflata
236 2047 292 2078 rore
307 2046 359 2077 non
373 2031 489 2078 Achaico
504 2029 587 2089 verbu,

133 2127 158 2166 et
171 2135 224 2175 vos,
242 2122 360 2183 Stiloque
373 2121 543 2182 Tarquitique
556 2118 704 2179 Vurroque,

100 2301 113 2343 5
134 2296 167 2343 ite
182 2296 250 2352 hinc,
267 2297 343 2344 inane
357 2297 493 2358 cymbalon
507 2294 653 2343 iuventutis.

133 2208 347 2256 scholasticorum
361 2211 432 2256 natio
446 2209 552 2255 madens
565 2206 666 2268 pingui,
874 2236 878 2371 p

134 2392 221 2446 tuque,
238 2400 253 2431 0
267 2399 382 2432 mearum
396 2400 482 2442 causa,
499 2385 585 2443 Sexte,
601 2397 736 2443 curarum,

133 2474 199 2530 vale,
216 2472 327 2531 Sabine;
347 2473 398 2519 iarn
413 2474 504 2529 raletc,
520 2471 635 2519 formosi.

135 2577 181 2608 nos
195 2563 227 2609 ud
242 2563 330 2609 beatos
344 2562 400 2608 vela
413 2562 536 2608 mittimus
551 2568 648 2623 portus,

130 2651 219 2717 magni
233 2657 347 2719 petentes
361 2650 438 2696 docta
451 2649 520 2696 dicta
531 2647 648 2711 Syronis,
