1816 2956
103 192 164 240 444
344 203 371 242 Ρ.
389 201 511 242 VERGILI
530 201 660 242 nanetus

45 385 48 390 ’
105 362 155 410 790
174 366 203 409 ut
214 359 286 419 vidit,
302 358 411 419 Lausus,
428 359 601 422 lacrimaeque
614 373 660 422 per
673 373 719 407 ora
730 360 846 410 volutae.

175 448 218 497 hie
230 448 320 496 mortis
334 449 413 496 durae
427 463 514 496 casum
527 454 623 511 tuaque
636 448 734 511 optima
747 448 827 510 sacta,

175 537 250 600 siqua
263 537 340 585 fidem
353 543 424 584 tanto
438 543 477 585 est
490 537 561 600 operi
577 537 662 585 latura
674 543 797 598 vetustas,

175 640 228 673 non
242 626 362 689 equidem
374 641 423 674 nee
436 633 469 685 te,
485 626 583 675 iuvenis
596 627 773 687 memorande,
788 627 880 676 silebo.

174 715 219 763 ille
232 716 325 778 pedem
337 714 449 763 referens
463 721 488 762 et
500 715 597 763 inutilis
610 715 689 778 inque
702 716 800 777 ligatus

107 807 155 854 795
176 805 284 853 cedebat
297 805 432 867 clipeoque
445 803 579 852 inimicum
592 804 685 853 hastile
698 805 829 855 trahebat.

175 893 303 957 proripuit
315 893 413 941 iuvenis
427 906 534 955 seseque
547 893 678 941 inmiscuit
690 893 769 942 armis

175 983 279 1045 iamque
292 981 454 1043 adsurgentis
469 981 559 1028 dextra
571 981 729 1044 plagamque
743 981 852 1032 ferentis

175 1071 280 1120 Aeneae
293 1070 372 1118 subiit
385 1083 534 1118 mucronem
547 1070 684 1133 ipsumque
696 1073 829 1120 morando

175 1161 311 1220 sustinuit3
332 1159 395 1207 socii
409 1172 504 1220 magno
519 1159 632 1207 elamore
645 1166 775 1219 secuntur,

106 1254 157 1298 800
177 1250 239 1298 dum
251 1250 353 1312 genitor
366 1248 419 1296 nati
433 1261 523 1310 parma
536 1254 665 1310 protectus
679 1248 769 1309 abiret,

178 1339 280 1401 telaque
294 1338 427 1385 coniciunt
438 1335 642 1400 proturbantque
656 1337 756 1386 eminus
770 1337 876 1388 hostem

176 1427 326 1475 missilibus.
355 1426 416 1474 furit
428 1426 531 1474 Aeneas
545 1431 678 1488 tectusque
692 1433 761 1474 tenet
774 1442 812 1476 se.

177 1531 207 1564 ae
221 1517 297 1574 velut,
314 1515 395 1564 effusa
407 1514 535 1577 siquando
549 1515 676 1575 grandine
690 1515 771 1562 nimbi

177 1604 356 1667 praecipitant,
373 1603 456 1651 omnis
470 1604 567 1665 campis
582 1603 683 1664 diffugit
697 1611 796 1663 arator,

108 1697 159 1740 805
180 1693 263 1741 omnis
277 1700 302 1742 et
315 1694 430 1755 agricola
444 1699 468 1741 et
482 1700 537 1740 tuta
549 1693 612 1740 latet
626 1706 683 1740 arec
697 1692 788 1752 viator,

178 1789 222 1829 aut
235 1783 318 1830 amnis
331 1783 393 1846 ripis
408 1789 452 1830 aut
465 1781 510 1828 alti
524 1781 621 1829 fornice
635 1781 699 1839 saxi,

179 1872 239 1919 dum
253 1873 320 1934 pluit
331 1873 356 1919 in
371 1872 454 1929 terris,
470 1878 498 1917 ut
510 1869 610 1933 possint
622 1870 677 1918 sole
690 1870 800 1919 reducto

179 1975 298 2009 exercere
311 1961 388 2019 diem,
404 1960 440 2008 sic
454 1959 560 2006 obrutus
574 1958 688 2020 undique
702 1959 760 2006 telis

180 2050 282 2097 Aeneas
296 2050 390 2097 nubem
403 2048 473 2107 belli,
490 2049 549 2095 dum
565 2048 669 2095 detonet
682 2048 776 2107 omniS,

109 2143 160 2186 810
180 2138 288 2185 sustinet
301 2145 325 2186 et
337 2137 451 2184 Lausum
465 2137 602 2199 increpitat
614 2135 755 2197 Lausoque
768 2139 895 2198 minatur,

176 2216 239 2289 ‘quo
253 2227 376 2274 moriture
389 2226 441 2273 ruis
456 2226 606 2288 maioraque
619 2225 714 2271 viribus
729 2226 833 2276 audes?

180 2316 247 2364 fallit
260 2324 284 2364 te
297 2317 430 2364 incautum
443 2315 524 2377 pietas
538 2305 601 2362 tua'
627 2329 673 2361 nce
687 2313 773 2361 minus
788 2317 838 2366 ille

181 2406 279 2454 exultat
292 2406 406 2463 demens,
422 2418 513 2452 saevae
527 2404 630 2466 iamque
643 2403 719 2450 altius
735 2403 790 2451 irae

178 2495 314 2544 Dardanio
328 2500 436 2556 surgunt
449 2493 549 2540 ductori
563 2501 729 2554 extremaque
743 2492 837 2544 Lauso

96 2592 151 2642 815
172 2605 276 2658 parcae
289 2588 336 2639 fila
349 2586 459 2650 leguurz
479 2582 598 2629 ualidum
610 2594 721 2638 namque
732 2582 817 2640 exigit
830 2600 897 2637 emer

165 2701 218 2755 per
233 2685 366 2738 medium
378 2680 489 2731 Aeneas
501 2672 628 2720 iuxueuem
635 2671 773 2723 totumque
781 2656 897 2716 resona!
