1816 2956
270 197 418 237 snunmos
439 199 524 237 truse
539 201 581 238 x1.
761 192 821 239 477

98 369 176 415 quam
189 354 265 402 facile
280 356 401 417 accipiter
414 370 478 401 saxu
491 369 562 403 sacer
576 356 629 404 ales
643 356 674 403 ab
689 357 742 404 alto

98 444 264 506 consequitur
277 443 363 505 pinnis
376 442 513 490 sublimem
525 444 552 489 in
566 443 633 492 nube
647 444 794 493 columbam

98 545 321 594 conprensamque
340 538 409 580 tenet
426 531 586 593 pedibusque
600 533 723 582 eviscerat
734 534 824 593 uncis;

97 627 152 667 tum
166 635 241 668 cruor
254 627 279 668 et
291 621 378 668 volsae
392 602 513 667 labuntur
527 619 558 667 ab
572 621 674 670 aethere
688 623 800 684 plumae.

47 713 78 756 25
133 711 169 756 At
187 724 240 756 non
260 709 324 757 haec
344 710 422 757 nullis
441 709 576 756 hominum
593 716 664 756 sator
676 719 753 773 atque
766 703 852 760 deo-⁹

398 813 455 846 rum

98 885 235 933 observans
249 886 331 934 oculis
344 901 445 934 summo
458 887 530 934 sedet
542 887 609 934 altus
623 884 743 949 Olympo.

98 973 260 1033 Tyrrhenum
273 975 375 1036 genitor
388 975 551 1023 Tarchonem
563 975 590 1022 in
604 975 704 1037 proelia
716 989 791 1024 saeva

98 1061 205 1108 suscitat
217 1071 243 1110 et
254 1062 365 1110 stimulis
378 1063 448 1110 haud
461 1063 584 1111 mollibus
597 1063 670 1112 inicit
682 1064 742 1112 iras.

98 1162 159 1209 ergo
172 1148 239 1196 inter
252 1151 344 1199 caedes
358 1151 526 1213 cedentiaque
540 1152 645 1214 agmina
657 1152 779 1200 Tarchon

47 1242 79 1286 30
98 1236 177 1284 fertur
190 1251 256 1299 equo
269 1239 398 1302 variisque
410 1240 518 1301 instigat
529 1241 634 1288 vocibus
648 1240 712 1299 alus,

98 1325 203 1373 nomine
228 1341 357 1390 quemque
381 1343 491 1386 vocans,
518 1329 651 1392 reficitque
675 1329 701 1375 in
728 1329 827 1392 proelia

398 1417 496 1478 pulsos.

98 1503 164 1570 ‘quis
177 1511 269 1563 metus,
286 1519 301 1552 o
314 1519 457 1568 numquam
467 1505 581 1563 dolituri,
598 1520 724 1568 osemper
732 1507 827 1556 inertes

98 1592 235 1654 Tyrrheni,
251 1608 318 1655 quae
331 1601 403 1642 tanta
417 1594 509 1642 animis
522 1594 627 1655 ignavie
639 1594 726 1643 venit?

99 1680 195 1729 femina
208 1683 325 1743 palantes
339 1683 482 1745 agitatque
495 1683 560 1731 haec
573 1683 679 1744 agmina
690 1683 783 1732 vertit?

47 1775 79 1818 35
99 1785 151 1832 quo
171 1769 266 1818 ferrum
285 1771 378 1833 quidve
397 1770 462 1819 haec
481 1773 593 1834 gerimus
610 1772 662 1820 tela
675 1772 753 1819 inrita
766 1772 827 1821 dex·

399 1859 462 1906 tris?

98 1953 189 1994 utnon
202 1947 230 1994 in
242 1947 370 1996 Venerem
382 1962 474 2010 segnes
487 1955 664 2010 nocturnaque
677 1947 748 1996 bella

98 2042 151 2094 aut,
167 2035 210 2082 nbi
224 2050 301 2084 curva
314 2037 407 2084 choros
420 2037 514 2084 indixit
526 2037 590 2084 tibia
601 2037 708 2095 Bacchi,

99 2131 235 2185 expectare
245 2125 327 2187 dapes
341 2132 366 2172 et
378 2125 471 2186 plenae
484 2127 580 2188 pocula
592 2139 696 2173 mensae

99 2210 154 2273 (hic
167 2225 248 2271 amor,
263 2212 314 2260 hoc
326 2213 461 2276 studium),
479 2215 541 2262 dum
554 2228 628 2262 secra
640 2214 768 2262 secundus
781 2212 827 2261 ha·

399 2315 494 2363 ruspex

47 2392 80 2434 40
98 2385 200 2433 nuntiet
213 2401 243 2434 ac
256 2387 328 2434 lucos
341 2395 415 2436 vocet
427 2389 513 2437 hostia
524 2390 629 2452 pinguis
642 2389 669 2436 in
683 2381 769 2437 altos.’

98 2473 163 2522 haec
176 2473 266 2522 effatus
280 2489 353 2523 eeum
366 2475 392 2522 in
406 2478 513 2536 medios,
529 2478 667 2525 moriturus
681 2484 706 2525 et
717 2478 784 2538 ipse„

96 2562 209 2610 concitat
222 2570 247 2610 et
258 2563 362 2612 Venulo
375 2563 515 2615 adversum
527 2568 556 2616 se
568 2565 695 2614 turbidus
709 2562 794 2608 uilem

86 2648 275 2713 dereptumque
288 2652 321 2700 ab
337 2668 409 2719 equo
425 2656 527 2707 dextre
539 2651 734 2718 conulect'xtun
747 2644 872 2690 *nusum
