1816 2956
76 181 140 228 234
317 191 343 230 Ρ.
360 191 482 230 vanem
502 189 633 230 MARONIS

145 347 249 399 Italiam
261 348 356 410 Lyciae
368 348 465 395 iussere
478 361 610 410 capessere
624 355 720 407 sortes3

146 436 189 484 hic
199 451 283 495 amor,
299 436 363 484 haec
376 437 460 499 patria
471 443 518 484 est.
546 437 567 483 si
581 443 606 484 te
618 435 788 497 Karthaginis
803 450 875 484 arces

145 524 315 573 Phoenissam
327 523 491 586 Libycaeque
505 533 623 587 aspectus
636 525 733 573 detinet
746 525 825 583 urbis,

147 628 214 677 quae
226 614 332 661 tandein
344 613 463 660 Ausonia
475 612 588 661 Teucros
602 614 736 662 considere
750 620 817 662 terra

73 707 127 752 350
146 702 312 751 invidisset?
331 710 357 750 et
368 716 416 750 nos
429 701 467 750 ias
482 708 569 749 extera
582 717 704 764 quaerere
717 717 806 764 regna.

145 807 187 841 me
199 791 279 854 patris
292 790 433 850 Anchisae,
449 790 568 852 quotiens
582 792 728 839 umentibus
743 790 839 838 umbris

146 895 200 929 nox
212 880 296 944 operit
308 886 397 938 terres,
414 879 532 941 quotiens
546 887 615 927 astra
627 879 705 941 ignea
718 887 836 941 surgunt,

147 970 270 1018 admonet
281 969 308 1017 in
321 968 419 1016 somnis
433 975 458 1016 et
469 967 572 1015 turbida
584 976 662 1016 terret
674 969 770 1030 imago,

145 1073 187 1108 me
200 1073 264 1121 puer
275 1058 405 1107 Ascanius
418 1057 562 1119 capitisque
574 1057 670 1105 iniuria
683 1058 744 1116 cari,

73 1152 125 1196 355
146 1161 223 1211 quem
237 1161 318 1210 regno
332 1146 471 1210 Hesperiae
484 1146 576 1194 fraudo
590 1153 615 1194 et
627 1146 748 1194 fatalibus
763 1147 838 1194 arvis.

146 1250 215 1285 nunc
228 1235 306 1284 etiam
318 1235 443 1297 interpres
457 1235 552 1295 divom,
567 1235 627 1283 love
641 1237 733 1283 missus
748 1235 779 1282 ab
793 1236 851 1298 ipso

146 1325 237 1389 (testor
244 1331 381 1385 utrumque
389 1322 486 1385 caput),
504 1324 594 1371 celeris
605 1324 729 1372 mandata
740 1339 786 1387 per
798 1339 874 1372 aures

146 1414 254 1473 detulit3
274 1413 330 1476 ipse
343 1412 420 1460 deum
432 1412 569 1461 manifesto
581 1413 609 1458 in
622 1413 720 1461 lumine
733 1414 783 1460 vidi

144 1502 284 1551 intrantem
296 1516 383 1549 muros
397 1515 537 1564 vocemque
550 1501 590 1548 his
604 1500 708 1548 auribus
721 1501 805 1549 hausi.

73 1595 126 1639 360
147 1591 235 1640 desine
248 1605 340 1653 meque
353 1590 402 1638 tuis
416 1590 554 1638 incendere
567 1597 643 1652 teque
657 1591 793 1652 querellis:

144 1680 248 1728 Italiam
260 1695 314 1728 nnn
326 1686 417 1742 sponte
430 1671 543 1742 sequor.'

181 1769 258 1818 Talia
271 1769 400 1817 dicentem
411 1768 555 1816 iandudum
569 1783 657 1816 aversa
670 1775 763 1825 tuetur,

145 1858 196 1907 huc
208 1859 272 1906 illuc
285 1859 388 1906 volvens
402 1859 500 1916 oculos,
517 1864 651 1919 totumque
664 1863 780 1918 pererrat

145 1947 285 1995 luminibus
299 1946 382 1994 tacitis
397 1947 471 1995 etsie
485 1961 595 1995 accensa
608 1945 732 2007 profatur.

74 2040 124 2083 365
142 2025 202 2084 tnec
213 2035 258 2083 tibi
268 2036 325 2083 diva
335 2050 438 2098 parens,
453 2035 554 2096 generis
566 2034 760 2082 necDardanus
772 2041 871 2093 auctor,

145 2125 250 2187 perfide,
266 2125 311 2173 sed
325 2124 395 2172 duris
408 2124 499 2186 genuit
512 2130 535 2171 te
550 2123 667 2171 cautibus
681 2123 789 2170 horrens

146 2212 278 2262 Caucasus
291 2213 478 2276 Hyrcanaeque
492 2213 630 2259 admorunt
642 2212 723 2259 ubera
735 2212 825 2272 tigres.

145 2317 206 2351 nam
225 2303 287 2364 qnid
307 2302 442 2350 dissimulo
462 2308 506 2348 aut
525 2316 591 2362 quae
610 2315 650 2348 mc
671 2302 703 2348 ad
721 2301 823 2348 maiora
835 2315 874 2348 re·

446 2391 535 2439 servo?

145 2497 207 2530 num
220 2483 281 2531 fletu
293 2479 420 2542 ingemuit
433 2479 538 2526 nostro?
557 2493 619 2526 num
633 2478 732 2526 lumina
745 2478 834 2526 flexit?

74 2576 125 2622 370
145 2587 207 2619 num
226 2571 347 2620 lacrimas
366 2569 447 2617 victus
468 2568 538 2616 dedit
562 2575 606 2615 aut
629 2568 765 2614 miseratus
785 2581 875 2615 aman·

447 2656 541 2706 teniat?
