1816 2956
334 193 440 231 CULEX.

29 357 54 399 lu
74 352 159 399 debita
172 352 259 399 felices
273 356 420 397 numeretur
432 349 484 396 vita
496 363 542 410 per
555 363 646 407 anuos,

74 448 156 502 grata,
172 440 247 487 bonis
260 440 358 486 lucens.
387 438 430 485 sed
445 452 491 484 nos
505 437 537 484 ad
552 446 642 500 coepta
656 437 775 486 feramur.

108 530 202 590 lgneus
217 527 343 575 aetherias
356 527 409 574 iam
422 526 461 573 sol
475 533 621 588 penetrarat
632 526 660 573 in
673 540 753 584 arces,

74 618 236 679 candidaque
250 621 340 662 aurato
354 614 485 676 quatiebat
498 614 597 662 lumina
610 629 694 673 curru,

74 706 187 754 crinibus
201 711 227 752 et
239 703 318 750 roseis
331 701 449 750 tenebras
463 704 566 750 Aurora
578 703 693 764 fugarat:

29 799 54 840 15
74 793 189 856 propulit
201 807 214 840 e
228 790 336 839 stabulis
351 791 382 838 ad
397 790 493 852 pabula
505 797 569 838 nota
583 791 695 853 capellas

75 888 163 943 pastor
176 888 200 928 et
213 879 307 928 excelsi
321 879 415 925 montis
428 879 490 940 iuga
502 893 601 926 summa
614 879 711 942 petivit,

75 968 163 1014 rorida
176 984 228 1029 qua
239 967 342 1029 patulos
356 967 476 1015 velabant
488 967 607 1029 gramina
620 968 708 1016 colles.

75 1057 127 1102 iam
141 1055 210 1102 silvis
224 1055 359 1117 dumisque
371 1070 460 1117 vagae,
476 1056 528 1103 iam
539 1056 649 1104 vallibus
664 1056 762 1104 abdunt

76 1159 193 1207 corpora,
208 1144 311 1205 iamque
324 1144 394 1192 omni
408 1145 503 1192 celeres
516 1159 530 1193 e
543 1151 615 1208 parte
627 1152 750 1206 vagantes
831 1170 832 1173 ¹

29 1238 55 1280 50
75 1247 183 1295 scrupea
196 1233 310 1280 desertae
323 1240 463 1295 perrepunt
475 1234 506 1281 ad
521 1248 584 1282 cava
596 1233 675 1296 rupis.

75 1322 214 1369 tondentur
226 1329 314 1369 tenero
328 1321 464 1369 viridantia
476 1321 596 1382 gramina
610 1336 706 1380 morsu,

76 1411 190 1472 pendula
201 1410 322 1472 proiectis
336 1417 476 1472 carpuntur
489 1416 515 1457 et
528 1409 619 1457 arbuta
631 1410 718 1469 ramis,

76 1500 207 1561 densaque
220 1499 337 1560 virgultis
351 1499 425 1546 avide
437 1497 557 1547 labrusca
569 1504 690 1560 petuntur
701 1514 706 1557 ;

76 1588 139 1636 haec
152 1602 277 1650 suspensa
290 1587 356 1650 rapit
369 1595 489 1650 carpente
503 1587 639 1635 cacumina
652 1601 738 1633 morsu

29 1681 56 1722 35
76 1677 115 1723 vel
129 1677 214 1725 salicis
227 1678 312 1724 lentae
325 1678 364 1724 vel
378 1691 445 1739 quae
457 1690 524 1724 nova
537 1674 651 1723 nascitur
664 1676 747 1731 aluus,

76 1764 140 1811 haec
153 1771 253 1813 teneras
267 1764 387 1813 fruticum
400 1771 484 1811 sentes
498 1764 612 1822 rimatur,
631 1769 657 1810 at
669 1764 716 1810 illa

77 1852 185 1900 inminet
197 1853 292 1914 inrigui
306 1853 447 1914 praestanti
460 1852 583 1913 marginis
597 1852 680 1899 ulvae.

113 1939 217 1988 Obana
230 1942 340 2003 pastoris
354 1941 446 2003 (siquis
460 1954 512 1986 non
526 1941 645 2004 pauperis
659 1955 734 1987 usum

78 2036 162 2077 mente
175 2029 246 2091 prius
260 2030 336 2077 docta
349 2029 464 2076 fastidiat
477 2035 502 2076 et
515 2027 605 2091 probet
617 2029 669 2076 illis

29 2123 58 2165 50
78 2117 179 2164 somnia
192 2117 309 2165 luxuriae
323 2118 435 2179 spretis),
452 2118 585 2179 incognita
599 2118 665 2164 curis

78 2220 144 2267 quae
157 2206 272 2253 lacerant
284 2206 371 2253 avidas
384 2206 490 2253 inimico
503 2214 606 2268 pectore
619 2213 725 2253 mentes.

77 2294 98 2340 si
112 2308 163 2340 non
177 2294 284 2355 Assyrio
299 2295 393 2342 fuerint
405 2294 444 2340 bis
458 2295 528 2342 lanta
542 2294 629 2350 colore

76 2383 198 2430 Attalicis
212 2382 304 2445 opibus
319 2384 379 2430 data
391 2383 495 2442 vellera,
511 2384 531 2429 si
545 2383 613 2430 nitor
626 2383 681 2429 auri

77 2471 125 2518 sub
138 2472 261 2533 laqueare
276 2472 366 2518 domus
380 2471 495 2518 animum
509 2485 561 2518 non
575 2471 648 2531 angit
660 2485 774 2528 avarum,

29 2564 56 2607 55
78 2561 245 2622 picturaeque
259 2560 335 2607 decus
349 2560 465 2621 lapidum
478 2574 525 2607 nec
538 2559 624 2620 fulgor
636 2560 662 2605 in
676 2559 731 2607 ulla

78 2649 197 2709 cognitus
210 2648 331 2706 utilitate,
346 2663 437 2696 manus
451 2663 498 2696 nec
511 2648 610 2710 pocula
620 2645 689 2694 Grai
