1816 2956
176 108 240 155 240
417 119 582 159 0000010
602 117 732 158 nanetus

248 275 313 325 haee
325 276 403 325 effata
415 277 481 335 silet,
497 277 582 338 pallor
594 275 670 323 simul
685 283 795 337 occupat
808 291 859 323 ora

175 370 228 413 500
238 380 301 415 ,000
314 372 398 413 tamen
412 366 491 413 Anna
504 366 576 412 novis
590 372 738 427 praetexere
752 364 859 413 funerat

247 468 398 516 germanam
412 454 493 502 eredit
505 468 553 502 nee
566 461 651 502 tantos
664 460 749 501 mente
763 453 859 502 furores

248 543 362 605 concipit
374 550 419 590 aut
429 543 549 604 graviora
562 542 634 590 timet
648 557 726 604 0000
739 550 821 591 morte
834 540 859 606 S]

248 646 309 694 ergo
322 631 392 680 iussa
405 639 487 694 parat.

283 722 319 769 At
330 721 429 782 regina,
444 735 508 783 pyra
520 720 645 782 penetrali
659 721 686 766 in
699 721 760 768 sede
773 720 819 768 sub
833 736 859 769 ar

175 815 227 858 505
249 817 333 858 erecta
346 809 444 872 ingenti
458 809 540 856 taedis
554 816 631 870 atque
645 809 703 857 ilice
716 816 794 869 seete,

247 899 409 961 intenditque
422 899 508 946 10000
520 898 593 962 sertis
608 905 633 946 et
645 898 736 946 fronde
750 905 858 946 coronat

247 988 369 1047 timerea3
391 1002 467 1050 super
480 987 584 1036 exuvias
599 1001 737 1048 ensemque
750 987 859 1035 relietun

248 1076 411 1140 effigiemque
424 1084 480 1124 toro
493 1077 571 1134 locat,
588 1075 656 1122 baud
670 1077 762 1136 ignara
774 1076 859 1124 futuri<

246 1173 316 1214 stant
329 1180 388 1213 arae
401 1167 498 1215 eircum
512 1174 538 1214 00
551 1165 628 1213 erinis
642 1164 723 1212 effusa
736 1165 856 1213 sacerdes

175 1259 228 1303 510
248 1262 402 1303 tercentum
415 1261 488 1301 00000
500 1268 544 1300 ore
558 1254 635 1312 deos,
656 1253 821 1315 Erebumque
835 1253 859 1302 C'

248 1343 469 1405 tergeminamque
482 1341 606 1401 Hecaten,
622 1343 672 1389 tria
684 1341 789 1403 virginis
804 1357 850 1390 ora

247 1440 377 1496 sparserat
389 1439 414 1480 et
426 1431 516 1480 latices
529 1431 662 1478 simulatos
677 1431 755 1478 sontis
767 1432 859 1479 Averni

247 1522 356 1571 falcibus
370 1527 395 1570 et
406 1534 506 1569 messae
519 1520 551 1566 ad
565 1520 654 1566 10000
668 1527 826 1581 quaeruntur
839 1535 859 1568 a«

246 1611 371 1674 pubentes
384 1609 479 1659 herbae
492 1609 559 1670 nigri
574 1624 632 1656 000
646 1609 712 1656 10000
725 1609 815 1656 veneni
826 1626 832 1668 3

176 1706 227 1748 515
249 1701 381 1763 quaeritur
393 1707 419 1748 et
431 1698 560 1746 nascentis
574 1698 633 1759 equi
648 1698 679 1745 de
692 1697 776 1745 fronte
790 1699 860 1746 revel

248 1797 273 1838 et
285 1790 361 1837 matri
375 1795 524 1851 praereptus
538 1801 619 1834 amor.

246 1879 304 1941 ipsa
316 1878 387 1926 mola
399 1875 570 1937 manibusque
583 1876 631 1936 piis
646 1875 738 1922 alteria
751 1875 831 1932 iuxta,

246 1982 328 2015 unum
341 1973 418 2014 exuta
431 1966 523 2028 pedem
536 1965 635 2022 vinclis,
652 1965 678 2010 in
691 1972 759 2010 reste
773 1963 860 2012 recino

248 2062 354 2104 testatur
366 2055 491 2102 moritura
505 2054 566 2101 deos
580 2060 604 2100 et
618 2053 721 2100 conscia
734 2053 778 2100 fati

176 2150 228 2193 520
248 2145 348 2203 sidera3
369 2149 432 2202 tum,
448 2143 541 2204 siquod
554 2157 607 2189 000
621 2157 704 2203 00000
718 2142 821 2189 foedere
835 2157 859 2189 at

248 2247 325 2282 eures
331 2246 426 2280 numen
434 2231 512 2278 habet
519 2231 666 2293 iustumque
674 2245 833 2292 memorque,
844 2246 859 2292 p

281 2321 342 2370 Nox
354 2327 409 2370 erat
422 2327 447 2368 et
459 2320 590 2382 placidum
604 2320 744 2382 carpebant
758 2319 859 2366 fessas(

248 2425 357 2474 corpora
369 2424 415 2472 per
427 2416 507 2457 terras
521 2409 652 2471 silvaeque
666 2416 690 2457 et
702 2422 778 2456 saeva
791 2408 860 2470 quiet

249 2514 371 2562 aequora,
387 2514 445 2547 eum
459 2498 544 2546 medio
558 2499 694 2546 volventur
707 2499 792 2546 sidera
805 2498 859 2559 laps

168 2593 222 2636 525
242 2605 302 2639 eum
312 2595 381 2641 00000
393 2589 478 2637 omnis
492 2601 562 2651 ager,
578 2588 690 2650 pecudes
698 2588 834 2649 pictaeque
847 2603 859 2634 v
