1816 2956
58 183 117 231 316
296 189 462 229 r.vaaorn1
482 187 613 228 nunonis

126 348 172 396 ille
184 345 343 410 triumphata
356 343 488 408 Capitolia
500 345 532 392 ad
547 346 600 392 alta
613 343 739 392 Corintho

126 437 208 485 victor
220 442 280 496 aget
293 449 404 493 currum,
421 433 502 482 caesis
516 433 624 495 insignis
637 433 752 481 Achivis.

127 531 199 573 eruet
210 524 256 572 ille
268 524 354 584 Argos
367 522 641 584 Agamemnoniasque
654 522 776 583 Mycenas

127 613 263 675 ipsumque
276 611 418 669 Aeaciden,
433 625 514 672 genus
528 611 705 673 armipotentis
718 611 830 671 Achilli,

57 706 107 749 840
127 701 196 749 ultus
210 715 270 749 avos
284 700 387 758 Troiae,
403 701 500 762 templa
513 707 538 748 et
551 707 675 747 temerata
687 699 831 748 Minervae.

127 789 184 853 quis
198 797 232 848 te,
247 803 342 851 magne
355 787 430 847 Cato,
446 789 553 836 tacitum
566 796 611 835 aut
623 796 656 846 te,
673 786 762 847 Cosse,
778 790 860 837 relin-

429 876 507 938 quati

128 967 185 1030 quis
205 965 315 1014 Gracchi
335 980 417 1026 genus
442 972 487 1013 aut
509 965 642 1025 geminos,
670 966 721 1012 duo
746 965 861 1014 fulmina

428 1054 499 1112 belli,

127 1142 272 1206 Scipiadas,
287 1143 388 1190 cladem
400 1143 507 1204 Libyae,
523 1157 653 1205 parioque
666 1150 801 1204 potentem

126 1231 273 1281 Fabricium
286 1232 326 1279 vel
339 1240 364 1279 te
377 1232 458 1290 sulco,
475 1230 593 1286 Serrano,
609 1231 753 1279 serentem?

57 1326 106 1368 845
128 1335 180 1383 quo
193 1321 289 1368 sessum
301 1320 401 1382 rapitis,
416 1319 507 1367 Fabii?
527 1329 554 1367 tu
566 1320 695 1367 Maximus
709 1320 775 1368 ille’s

127 1423 193 1457 unus
207 1409 252 1471 qui
266 1408 340 1456 nobis
354 1409 499 1457 cunctando
513 1409 624 1457 restituis
638 1423 699 1456 rem.
775 1444 778 1449 ⁴

128 1498 257 1546 excudent
270 1498 314 1544 alii
328 1497 453 1560 spirantia
466 1498 571 1545 mollius
584 1512 653 1555 aera,

127 1587 204 1636 credo
217 1586 347 1649 equidem,
363 1587 432 1633 vivos
446 1587 541 1634 ducent
554 1587 585 1634 de
598 1599 725 1633 marmore
739 1586 838 1648 voltus,
902 1612 903 1651 q

126 1676 238 1724 orabunt
251 1689 341 1723 causas
355 1675 456 1733 melius,
473 1676 589 1738 caelique
602 1682 701 1723 meatus

56 1770 107 1813 850
127 1764 273 1814 describent
285 1764 358 1812 radio
372 1771 397 1811 et
410 1764 541 1824 surgentia
554 1763 639 1810 sidera
652 1764 753 1810 dicent:

126 1862 154 1903 tu
166 1868 254 1915 regere
267 1853 376 1923 imperio
389 1852 510 1915 populos,
526 1852 651 1909 Romane,
667 1861 800 1901 memento

127 1943 188 2005 (hae
202 1942 248 1990 tibi
262 1949 336 1989 eruut
349 1940 428 2003 artes)
442 1941 564 2003 pacisque
577 1941 700 2003 inponere
714 1956 828 2003 morem,

126 2045 231 2095 parcere
245 2030 365 2078 subiectis
379 2038 404 2078 et
417 2029 546 2077 debellare
560 2021 702 2091 superbos.'

162 2119 206 2168 Sic
223 2127 296 2182 pater
308 2119 451 2176 Anchises,
474 2127 551 2181 atque
568 2118 632 2166 haee
646 2118 802 2166 mirantibus
818 2122 863 2169 ad-

429 2207 474 2254 dit.

56 2303 106 2346 855
123 2287 221 2360 ‘aspice
233 2305 263 2344 ut
274 2296 382 2357 insignis
396 2296 486 2358 spoliis
498 2297 638 2345 Marcellus
652 2296 745 2359 opimis

127 2385 271 2447 ingreditur
284 2385 416 2446 victorque
429 2385 496 2432 viros
509 2387 682 2448 supereminet
695 2386 791 2434 omnis.

126 2474 236 2522 hierem
249 2474 402 2532 Romanam,
418 2489 513 2535 magno
527 2474 645 2523 turbante
658 2475 781 2532 tumultu,

126 2563 207 2621 sistet,
223 2577 301 2625 eques
315 2569 411 2611 sternet
423 2562 525 2610 Poenos
539 2562 697 2625 Gallumque
710 2563 840 2614 rebellem

119 2653 249 2718 tertiaque
264 2668 338 2702 arma
351 2650 419 2717 patri
432 2652 572 2716 suspendet
584 2660 660 2714 capta
673 2645 808 2710 Quirino.³
