1816 2956
35 113 96 161 300
274 124 300 163 P.
319 123 441 163 vanem
458 123 589 164 MARONIS

104 278 176 327 fusus
189 279 260 327 humi
274 287 381 342 totoque
394 280 486 342 ingens
499 281 645 329 extenditur
659 290 742 330 antro.

106 375 218 431 occupat
229 369 333 417 Aeneas
346 369 445 416 aditum
459 370 565 417 custode
577 371 678 432 sepulto

34 461 84 505 425
105 457 241 520 evaditque
255 459 323 506 celer
335 458 419 520 ripam
432 457 607 506 inremeabilis
620 460 714 507 undae.

140 543 272 594 Continuo
285 546 388 594 auditae
400 561 485 605 voces,
500 547 600 608 vagitus
614 554 639 595 ct
650 548 741 609 iugens

104 633 285 698 infantumque
298 635 399 683 animae
412 634 500 683 flentes
514 635 541 682 in
555 637 643 684 limine
656 637 750 699 primo,

106 738 171 786 quoa
184 724 266 773 dulcia
280 723 347 772 vitae
359 725 455 771 exortis
469 731 494 771 et
507 724 539 772 ab
554 724 631 773 ubere
644 733 731 788 raptos

105 813 211 862 abstulit
223 819 280 860 atra
292 812 346 860 dies
360 819 385 860 et
398 813 487 861 funere
500 813 588 860 mersit
601 814 703 861 acerbo.

34 907 85 950 430
105 902 152 950 hos
165 902 239 950 iuxta
251 901 317 948 falso
331 901 445 948 damnati
460 901 566 950 crimine
579 903 677 950 mortis.

105 1005 152 1039 nec
164 1005 224 1038 vero
237 989 286 1036 hac
300 989 355 1037 sine
369 997 437 1038 sorte
451 991 542 1048 datae,
562 991 617 1038 sine
631 991 724 1049 indice,
741 992 831 1039 sedes:

106 1078 238 1142 quaesitor
250 1078 336 1125 Minos
349 1093 441 1126 urnam
454 1086 554 1138 nrovet3
575 1079 619 1127 ille
632 1080 753 1128 silentum

105 1167 298 1229 conciliumque
311 1175 385 1215 vocat
397 1168 514 1229 vitasque
528 1175 553 1216 ct
565 1167 675 1215 crimina
688 1169 771 1216 discit.

105 1255 225 1317 proxima
237 1256 330 1304 deinde
343 1263 432 1305 tenent
449 1257 540 1305 maesti
561 1258 619 1305 loca
632 1257 675 1319 qui
690 1257 738 1304 sibi
752 1258 834 1305 letum

34 1350 85 1393 435
104 1345 220 1393 insontes
232 1359 354 1408 peperere
366 1361 445 1393 mann
457 1347 593 1409 lucemque
606 1345 690 1408 perosi

105 1433 237 1497 proiecere
250 1434 358 1481 animas.
387 1449 465 1497 qnam
478 1435 575 1482 vellent
587 1433 690 1483 aethere
703 1435 729 1481 in
744 1435 798 1482 alto

106 1537 175 1571 nunc
188 1530 214 1571 et
226 1523 375 1585 pauperiem
388 1530 414 1571 ct
426 1523 504 1570 duros
517 1523 629 1586 perferre
644 1523 760 1571 laborest

107 1610 145 1658 fas
159 1610 244 1659 obstat
256 1611 374 1673 tristique
387 1611 461 1673 palus
475 1611 622 1659 inamabilis
636 1612 706 1658 unda

105 1699 197 1762 alligat
209 1706 235 1748 et
246 1700 353 1747 noviens
366 1698 430 1762 Styx
441 1700 566 1747 interfusa
580 1707 688 1748 coercet.

34 1794 86 1836 440
105 1788 251 1850 necprocul
265 1788 326 1836 hinc
339 1795 438 1850 partem
451 1787 684 1835 fnsinronstrantur
696 1788 835 1836 inomncm

105 1877 222 1938 lugentes
236 1877 320 1939 campi
331 1893 337 1936 ;
358 1877 395 1924 sic
407 1877 467 1925 illos
479 1877 585 1924 nomine
599 1877 695 1924 dicunt.

105 1964 148 2013 hic
162 1979 226 2026 quos
241 1965 319 2012 durus
333 1980 405 2013 amor
418 1965 516 2012 crudeli
530 1965 589 2012 tabc
602 1966 710 2027 peremit

105 2053 195 2101 secreti
209 2055 294 2102 celant
307 2054 387 2101 calles
401 2061 426 2102 et
438 2060 536 2116 myrtea
549 2054 645 2101 circum

105 2143 170 2191 silva
182 2142 261 2204 tegit3
282 2157 359 2190 curae
372 2157 424 2190 non
438 2143 494 2205 ipsa
507 2143 534 2189 in
548 2151 630 2190 morte
643 2143 780 2190 relincunt.

33 2237 84 2279 445
106 2231 145 2279 hia
158 2231 304 2279 Phaedram
316 2230 484 2293 Procrimque
504 2231 569 2279 locis
588 2237 764 2292 niacstamque
778 2230 836 2278 Eri-

407 2320 511 2382 phylen,

105 2409 216 2456 crudelis
229 2408 283 2456 nati
297 2414 482 2456 monstrantem
495 2409 610 2466 volnera,
626 2408 716 2465 cernit,

97 2497 301 2561 Euhadnenque
314 2505 339 2545 et
351 2496 498 2560 Pasiphaen
509 2513 515 2556 ς
536 2497 576 2543 his
589 2496 733 2543 Laodamia

80 2584 107 2631 1't
113 2600 207 2637 comes
216 2589 353 2641 etinvenis
363 2589 511 2656 quondam,
525 2583 834 2644 nuncieminaCaenens,
904 2608 905 2613 =
