1816 2956
346 114 372 152 Ρ.
390 113 511 152 VEliGILI
529 113 659 152 Maeonis

177 277 252 318 canto
266 285 333 333 quae
346 271 446 328 solitus,
462 270 590 332 siquando
604 278 720 318 armenta
733 271 855 331 vocabat,

176 359 308 422 Amphion
321 359 447 413 Dircaeus
461 359 488 405 in
502 360 600 407 Actaeo
614 359 774 421 Aracyntho.

124 453 155 495 25
177 463 223 496 nec
236 463 292 496 sum
305 448 371 495 adeo
383 447 516 494 informis:
538 462 620 510 nuper
632 463 673 495 me
686 449 713 495 in
726 449 803 496 litere
817 450 880 509 vidi,

176 549 233 584 omn
241 536 373 599 placidum
380 535 459 583 ventis
467 536 621 584 ‘staretmare
632 553 638 595 ς
652 551 705 583 non
713 537 899 601 egoDaphnim

175 625 260 673 iudice
273 631 298 672 te
311 631 432 682 metuam,
448 624 469 672 si
483 639 624 686 numquam
638 625 705 673 fallit
717 625 816 686 imago.

176 728 191 760 o
204 720 304 761 tantum
316 713 396 760 libeat
408 726 509 760 mecum
522 712 567 760 tibi
581 713 687 760 sordida
699 727 759 760 rura

176 809 252 864 utque
266 801 370 849 humilis
384 801 500 850 habitare
514 816 585 849 casas
600 809 624 848 et
637 802 715 863 figere
728 816 818 851 cervos

122 895 155 937 30
175 890 369 952 haedorumque
382 903 487 951 gregem
499 890 573 937 viridi
588 891 742 952 compellere
755 890 867 940 hibisco.

175 993 274 1026 meeum
287 993 340 1026 una
352 979 378 1025 in
392 978 462 1026 silvis
475 978 608 1026 imitabere
621 979 694 1026 Pana
707 980 836 1027 canendo.

174 1066 228 1113 Pan
242 1067 339 1128 primus
352 1068 466 1115 calamos
480 1081 539 1115 cera
552 1067 708 1127 coniungere
721 1067 803 1128 pluris

175 1155 292 1215 institnit,
307 1155 363 1202 Pan
377 1163 450 1203 curat
463 1155 516 1202 ovis
530 1155 667 1216 oviumque
680 1155 828 1216 magistros.

122 1300 127 1311 Ι
175 1248 226 1292 ne'c·
235 1251 259 1292 ie
272 1243 403 1306 paeniteat
416 1244 516 1291 calamo
530 1243 628 1292 trivisse
641 1243 778 1291 labellum:

121 1337 153 1379 35
173 1332 237 1380 haec
251 1333 340 1380 eadem
353 1339 382 1379 ut
393 1332 469 1379 sciret
482 1332 544 1394 quid
563 1346 615 1379 non
633 1332 744 1380 faciebat
756 1332 897 1396 Amyntasl

174 1429 211 1468 est
223 1420 286 1469 mihi
301 1420 444 1483 disparibus
457 1427 555 1482 septem
569 1427 703 1482 compacta
716 1420 807 1468 cicutis

174 1510 267 1568 fistula,
283 1509 424 1557 Damoetas
438 1509 506 1556 dono
520 1508 582 1555 mihi
597 1523 675 1570 quam
689 1509 759 1556 dedit
772 1511 836 1560 olim

174 1605 199 1645 et
212 1598 277 1645 dixit
288 1586 454 1645 moriens'“ie
468 1611 537 1645 nunc
549 1597 628 1644 habet
640 1597 689 1644 ista
701 1592 874 1647 secundum.''

174 1686 239 1733 dixit
250 1686 400 1744 Damoetas,
415 1685 507 1732 invidit
519 1686 612 1733 stultus
625 1686 759 1747 Amyntas.

120 1780 153 1822 40
173 1781 306 1836 praeterea
319 1775 370 1823 duo
383 1786 431 1822 nec
444 1780 499 1821 tuta
511 1774 573 1821 mihi
587 1774 654 1821 valle
668 1775 759 1836 reperti

173 1863 295 1924 capreoli,
311 1863 405 1926 sparsis
420 1863 497 1910 etiam
510 1877 579 1910 nnnc
592 1862 702 1924 pellibus
716 1863 791 1923 alb03

172 1951 235 1998 bina
247 1951 287 1998 di'e
300 1951 398 1999 siccant
411 1952 464 1998 ovis
478 1951 573 2010 ubera;
594 1966 659 2013 quos
672 1952 717 1998 tibi
731 1967 815 2000 servo.

144 2029 145 2033 ¹
173 2040 224 2086 iarn
237 2040 338 2101 pridem
352 2054 367 2086 a
379 2053 420 2088 me
432 2039 492 2086 illos
506 2039 633 2088 abducere
646 2039 775 2102 Thestylis
789 2049 864 2102 crat3

173 2134 197 2175 et
209 2127 295 2186 faciet,
311 2128 436 2190 quoniam
449 2129 554 2176 sordent
566 2128 611 2175 tihi
625 2143 733 2175 munera
745 2138 844 2178 nostra.

120 2220 152 2263 45
173 2215 306 2274 hue'ades,
322 2231 337 2263 ο
351 2216 462 2264 formose
475 2231 554 2278 puer:
576 2216 621 2264 tibi
636 2217 691 2264 lilia
703 2217 787 2279 plenis

173 2304 232 2352 eece
244 2304 330 2352 ferunt
342 2304 470 2366 nymphae
483 2305 601 2364 calathis,
617 2305 663 2352 tibi
677 2306 789 2355 candida
801 2309 868 2367 nais,

172 2393 294 2454 pallentis
307 2393 389 2440 violas
403 2400 428 2441 et
440 2408 541 2441 summa
554 2408 688 2457 papavera·
695 2409 814 2457 carpens,

173 2480 314 2529 narcissum
327 2488 352 2529 et
364 2481 453 2530 florem
466 2481 550 2543 iungit
563 2482 627 2530 bene
641 2483 733 2530 olentis
747 2484 847 2545 anethi,

170 2577 232 2630 tum,
250 2569 320 2618 casia
333 2576 411 2635 atque
424 2570 481 2618 aliis
494 2570 612 2620 intexens
625 2570 746 2619 suavibus
760 2571 857 2633 herbis,
894 2607 897 2615 -
