1816 2956
292 157 440 198 taurinos
455 158 542 198 urana
557 157 589 199 x.
779 150 837 200 433

114 315 217 362 advolat
231 315 343 374 Aeneae,
359 315 428 363 tenui
443 316 590 365 discrimine
604 316 647 366 leti

113 418 167 453 esse
181 420 250 463 suns,
267 412 367 466 tempus
380 405 458 452 versis
472 420 619 454 succurrere
632 405 747 455 Teucris.

113 493 232 556 proxima
244 508 361 556 quaeque
374 493 447 542 metit
456 494 545 556 gladio
554 494 686 558 latumque
693 510 739 559 per
747 511 840 558 agmen

113 583 205 631 ardens
219 582 326 631 limitem
339 583 394 644 agit
406 582 482 641 ferra,
499 591 532 641 te,
548 582 644 642 Turne,
659 584 799 648 superbum

56 674 93 718 115
114 672 192 719 caede
204 686 272 720 nova
285 686 419 735 quaerens.
447 672 543 731 Pallas,
560 672 688 731 Euander,
703 673 730 720 in
743 674 805 736 ipsis

113 761 201 808 omnia
213 768 273 808 sunt
286 761 377 819 oculis,
392 775 497 810 mensae
511 776 574 824 quas
587 761 686 810 advena
698 762 794 825 primas

112 857 172 896 tunc
186 849 250 896 adiit
263 849 418 911 dextraeque
431 849 516 898 datae.
544 849 668 899 Sulmone
681 857 780 898 creatos

113 944 235 999 quattuor
249 938 291 985 hic
304 938 417 995 iuvenca,
433 937 540 986 totidem
553 954 617 1001 quos
630 939 723 987 educat
736 938 824 998 Ufens,

113 1025 217 1073 viventis
232 1025 307 1088 rapit,
323 1025 427 1073 inferias
441 1041 505 1089 quos
519 1026 635 1077 immolet
648 1027 744 1075 umbris

59 1118 93 1161 ⁴20
113 1114 265 1176 captiuoque
279 1114 334 1175 rogi
349 1115 487 1176 perfundat
499 1116 625 1178 sanguine
640 1116 765 1165 flammas.

112 1203 172 1250 inde
185 1203 263 1264 Mago
277 1203 367 1266 procul
381 1203 507 1251 infensam
521 1205 688 1253 contenderat
701 1205 809 1253 hastam.

112 1292 157 1339 ille
170 1300 227 1340 astu
240 1291 309 1339 subit
322 1291 360 1354 (at
373 1292 536 1340 tremibunda
548 1295 695 1356 supervolat
708 1294 793 1358 hasta)

111 1389 136 1429 et
148 1395 233 1442 genua
246 1382 403 1444 amplectens
418 1381 509 1430 effatur
522 1381 586 1430 talia
599 1383 717 1446 supplex.

106 1458 163 1533 ‘per
176 1471 272 1533 patrios
285 1485 374 1519 manes
388 1479 413 1519 et
425 1485 482 1534 spes
496 1471 622 1533 surgentis
636 1471 686 1519 Iuli

58 1563 90 1606 25
111 1567 135 1608 te
154 1574 259 1623 precor,
288 1560 354 1609 hanc
373 1560 487 1608 animam
505 1575 588 1610 serves
608 1567 740 1623 gnatoque
759 1559 837 1623 patri·

412 1664 470 1713 que.

110 1744 149 1785 cst
161 1737 252 1786 domus
266 1739 326 1798 alta,
342 1739 427 1787 iacent
439 1739 540 1802 penitus
555 1738 656 1786 defossa
669 1737 765 1786 talenta

110 1826 202 1874 caelati
215 1827 323 1888 argenti,
340 1834 399 1874 sunt
411 1827 467 1874 auri
480 1828 595 1889 pondera
608 1826 668 1874 facti

109 1913 249 1977 infectique
262 1915 334 1963 mihi.
362 1930 414 1963 non
428 1915 470 1963 hic
483 1916 590 1964 victoria
602 1915 731 1963 Teucrum

110 2003 215 2051 vertitur
228 2011 272 2051 aut
285 2003 372 2051 anima
386 2017 437 2051 una
450 2002 523 2051 dabit
535 2003 684 2052 discrimina
696 1995 787 2050 tanta.’

58 2098 90 2140 30
110 2092 219 2140 dixerat.
247 2094 349 2140 Aeneas
363 2100 453 2140 contra
466 2093 507 2140 cui
520 2092 583 2140 talia
599 2091 691 2140 reddit.

108 2181 216 2242 ‘argenti
231 2189 308 2243 atque
321 2180 376 2228 auri
390 2195 516 2230 memoras
530 2196 596 2245 quae
609 2182 691 2230 multa
703 2181 809 2239 talenta,

109 2269 194 2331 gnatis
207 2284 284 2332 parce
297 2269 356 2317 tuis.
384 2269 445 2318 belli
459 2270 613 2319 commercia
625 2270 728 2318 Turnus

109 2358 212 2405 sustulit
224 2359 274 2406 istu
286 2358 357 2422 prior
370 2358 421 2407 iam
434 2365 489 2406 tum
501 2359 620 2408 Pallante
632 2367 772 2422 perempto¹

109 2447 158 2495 hnc
172 2447 251 2508 patris
264 2447 395 2496 Anchisae
409 2464 506 2508 manes,
522 2449 571 2497 hcc
584 2449 661 2497 sentit
673 2439 763 2496 Iulus.'

58 2539 88 2582 35
109 2536 146 2584 sic
159 2536 225 2583 satus
238 2537 343 2598 galeam
357 2537 432 2587 laeva
444 2545 517 2589 tenet
530 2545 613 2602 atque
622 2537 728 2584 reitesta

100 2624 197 2672 uertice
211 2628 312 2678 orantis
326 2631 426 2696 capulo
442 2638 524 2682 tenus
539 2627 668 2694 aupi'rcat
680 2629 795 2670 ensem·

74 2703 193 2759 Vergilius.
673 2701 726 2752 ‘2ss
