1816 2956
59 157 119 205 tlt
391 163 544 205 nonem.

128 324 171 372 hic
184 324 251 381 olus,
267 322 309 371 hic
322 323 374 371 lete
386 321 522 369 fundentes
534 319 658 369 bracchia
669 320 749 370 betae

128 412 305 473 fecundusque
318 425 409 459 rumex
420 410 573 472 malreeque
582 409 725 472 inulaeque
735 410 845 461 virebant

129 501 172 549 hic
186 501 249 564 siser
262 507 288 548 et
299 513 394 548 nomen
407 499 485 562 capiti
499 498 621 547 debentia
632 512 714 561 porra

128 596 253 651 grateque
266 588 394 637 nobilium
407 588 508 650 requies
521 589 624 637 lactuca
636 586 759 636 ciborum

77 682 108 728 75
130 712 277 725 .......
299 679 441 740 crescitque
455 677 481 724 in
495 674 616 724 acumina
628 675 707 723 radix

129 774 155 816 et
166 767 250 829 gravis
263 766 290 813 in
303 766 386 815 latrrm
398 766 504 813 dimissa
517 763 651 813 cucurbita
664 772 795 815 ventrem.

128 871 216 906 verum
228 854 271 902 hic
284 868 337 903 nou
345 853 444 902 domini
452 853 523 916 (quis
530 853 598 902 enim
606 855 773 903 contractior
780 854 845 917 illel)

128 945 173 993 sed
187 943 276 1007 populi
290 949 427 1005 proventus
441 949 505 1001 erat,
516 941 644 1003 nonisque
658 942 756 991 diebus
806 986 809 990 ,

129 1034 231 1082 venales
244 1046 333 1080 umero
346 1030 428 1079 fasces
441 1029 561 1093 portabat
574 1030 600 1076 in
614 1029 725 1078 urbem:

76 1128 110 1171 80
128 1123 189 1171 inde
202 1122 309 1169 domum
322 1115 419 1168 cervice
432 1120 504 1177 levis,
519 1118 604 1180 gravis
618 1132 679 1167 aere
692 1121 808 1180 redibat,

128 1212 172 1260 vix
184 1224 309 1272 nmquam
321 1208 413 1256 urbani
427 1208 563 1256 comitatus
577 1221 662 1256 merce
676 1211 796 1260 macelli.

130 1315 194 1362 cepa
207 1299 300 1347 rubens
314 1297 428 1359 sectique
441 1297 535 1345 iamem
549 1296 638 1343 domat
651 1311 716 1345 urea
730 1299 803 1361 porri

130 1402 248 1451 quaeque
261 1387 367 1434 trahunt
379 1386 431 1434 scri
446 1385 529 1432 vultus
544 1384 670 1433 nasturtia
686 1401 781 1437 morsu

130 1477 262 1538 intibaque
275 1483 301 1525 et
313 1476 440 1523 Venerem
454 1487 576 1522 revocans
590 1486 669 1520 eruca
695 1486 841 1525 morantem

78 1572 109 1614 85
166 1565 233 1613 Tum
259 1577 363 1627 quoque
388 1563 439 1610 tale
458 1561 556 1624 aliquid
576 1559 706 1610 meditans
729 1564 846 1614 intraret!

432 1651 543 1698 hortum.

132 1759 163 1792 ac
175 1743 287 1806 primum
300 1741 388 1790 leviter
402 1740 488 1801 digitis
502 1739 593 1787 tellure
606 1738 707 1787 refossa

132 1840 253 1896 quattuor
267 1830 353 1879 educit
365 1845 424 1877 cum
437 1829 525 1891 spissis
539 1829 602 1877 allia
615 1827 685 1875 fibris
696 1845 703 1887 3

133 1922 192 1968 inde
206 1936 293 1968 contus
308 1920 358 1982 apii
372 1918 483 1980 graciles
497 1927 633 1978 rutamque
647 1917 782 1977 rigentem

131 2010 203 2056 vellit
216 2017 239 2056 et
253 2009 348 2069 exiguo
361 2007 498 2055 coriandra
512 2005 646 2052 trementia
661 2005 717 2052 iilo.

81 2103 113 2146 90
133 2098 197 2145 lmec
211 2097 253 2144 ubi
267 2097 383 2157 collegit,
400 2097 497 2144 laetum
510 2093 628 2141 consedit
641 2095 673 2140 ad
688 2094 783 2156 ignem

134 2195 159 2234 et
172 2186 243 2232 clara
256 2185 380 2231 famulum
393 2184 475 2247 poscit
489 2181 609 2229 mortaria
624 2197 695 2229 voce.

132 2273 235 2333 singula
248 2280 301 2319 tum
315 2274 429 2335 capitum
442 2272 540 2319 nodoso
556 2270 649 2317 cortice
665 2273 750 2321 nrulut

134 2368 159 2408 et
171 2361 276 2408 summis
290 2363 384 2423 spoliat
398 2362 475 2408 coriis
489 2367 687 2420 contemptuque
703 2364 804 2422 pussim

134 2450 232 2512 spargit
252 2450 321 2497 humi
343 2458 420 2511 utque
440 2449 527 2498 abicit.
556 2454 684 2494 servatum
705 2449 732 2496 iu
754 2448 829 2511 gerini

436 2537 542 2584 bulbum

64 2647 103 2697 95
126 2643 229 2715 tinguit
245 2656 319 2710 aqua
332 2632 485 2700 lapidisque
497 2639 586 2676 curum
596 2623 699 2669 drumm
709 2625 739 2671 tn
752 2629 837 2677 orben
