1816 2956
251 202 399 242 Aruernos
418 202 584 241 traanvnn
754 193 814 241 565

88 360 188 418 maluit,
203 359 243 406 his
258 360 381 420 quoniam
395 359 511 407 latuisset
524 365 593 406 tutus
607 359 633 405 in
648 359 708 407 oris.

88 463 166 496 aurea
179 463 245 509 quae
258 447 394 510 perhibent
406 448 453 495 illo
467 447 513 495 sub
528 462 588 509 rege
602 448 673 496 luere

41 541 68 584 25
88 538 200 586 saecula.
228 537 265 584 sic
277 536 381 598 placida
394 538 504 599 populos
518 537 545 584 in
557 551 621 598 pace
634 536 750 598 regebat,

88 626 199 674 deterior
212 625 294 673 donec
307 624 442 687 paullatim
456 641 487 674 ac
500 626 606 673 decolor
619 631 689 672 aetas

88 722 114 762 et
125 714 186 762 belli
200 713 283 762 rabies
297 721 322 761 et
335 727 408 760 amor
420 714 543 761 successit
556 711 677 761 habendi.

89 810 143 850 tam
155 817 247 849 manus
259 802 380 849 Ausonia
393 809 418 849 et
430 810 518 863 gentes
532 816 624 850 venere
637 799 756 860 Sicanae,

89 892 190 952 saepius
204 898 229 938 et
241 904 335 938 nomeu
348 889 435 951 posuit
447 888 569 938 Saturnia
582 890 674 947 tellus3

41 985 69 1027 30
89 988 143 1026 tum
156 993 229 1039 reges
243 992 368 1040 asperque
381 978 480 1024 inmani
493 992 601 1039 corpore
614 977 735 1039 Thybris,

90 1082 105 1113 a
118 1081 170 1128 quo
183 1075 242 1129 post
254 1066 312 1114 Itali
326 1066 430 1113 fluvium
444 1067 599 1126 cognomine
612 1066 737 1128 Thybrim

90 1155 216 1213 diximus;
236 1155 323 1202 amisit
334 1169 422 1202 verum
435 1161 505 1202 vetus
519 1154 617 1202 Albula
629 1169 734 1204 nomen.

88 1259 129 1292 me
142 1244 245 1306 pulsum
257 1243 341 1305 patria
352 1243 490 1306 pelagique
504 1250 619 1291 extrema
631 1250 781 1306 sequentem

88 1332 203 1380 Fortuna
217 1332 379 1394 omnipotens
393 1339 418 1380 et
429 1331 596 1380 ineluctabile
609 1332 689 1380 satum

41 1425 70 1469 35
90 1422 130 1469 his
144 1435 252 1484 posuere
265 1421 329 1468 locis
342 1421 482 1483 matrisque
496 1435 571 1482 egere
584 1421 717 1470 tremenda

92 1509 236 1559 Carmentis
243 1509 371 1572 nymphae
384 1510 483 1558 monita
490 1517 515 1557 et
528 1510 590 1558 deus
603 1510 819 1573 auctorApollo.'

89 1599 133 1646 vix
145 1614 176 1648 ea
190 1600 272 1657 dicta,
295 1598 388 1647 dehinc
405 1613 555 1661 progressus
569 1607 695 1647 monstrat
708 1607 733 1648 et
745 1614 818 1647 aram

91 1696 115 1736 et
129 1687 320 1736 Carmentalem
332 1687 442 1735 Romani
456 1688 560 1736 nomine
573 1696 676 1750 portam

92 1791 170 1838 quam
183 1783 335 1834 memorant,
351 1774 480 1838 nymphae
492 1776 606 1838 priscum
614 1774 757 1825 Carmentis
771 1776 818 1825 ho·

392 1879 490 1922 norem,

41 1958 71 2001 40
91 1952 155 2000 vatis
168 1952 297 2010 fatidicae,
313 1953 407 2002 cecinit
419 1967 486 2015 quae
498 1953 582 2015 prima
595 1951 696 2000 futuros

91 2042 228 2090 Aeneadas
241 2056 351 2103 magnos
364 2049 389 2089 et
401 2041 489 2090 nobile
501 2041 674 2089 Pallanteum.

92 2130 152 2178 hinc
165 2130 252 2178 lucum
265 2131 396 2191 ingentem
410 2145 485 2192 quem
497 2130 623 2178 Romulus
637 2144 696 2177 acer
709 2130 818 2193 Asylum

91 2219 189 2267 rettulit
201 2226 226 2266 et
238 2219 324 2280 gelida
337 2225 464 2268 monstrat
476 2219 522 2266 sub
536 2233 599 2280 rupe
611 2218 748 2280 Lupercal,

91 2307 229 2356 Parrhasio
243 2308 339 2355 dictum
352 2306 438 2355 Panos
453 2308 484 2356 de
497 2321 568 2355 more
580 2306 685 2368 Lycaei.

41 2401 71 2444 45
92 2410 204 2444 necnon
218 2404 242 2443 et
254 2396 320 2444 sacri
333 2403 459 2444 monstrat
470 2410 560 2444 nemus
573 2395 684 2456 Argileti

92 2491 250 2546 testaturque
264 2486 351 2532 locum
364 2491 389 2532 et
401 2484 482 2533 letum
495 2484 574 2532 docet
582 2483 700 2544 hospius
716 2481 794 2537 niagn-

85 2573 148 2618 hinc
159 2573 195 2619 ad
208 2573 349 2636 Tarpeiam
362 2575 456 2625 sedem
470 2583 500 2625 et
511 2571 661 2637 Capitalia
671 2565 763 2618 hucin

71 2671 151 2704 aurea
164 2674 247 2721 nunc,
266 2663 335 2714 olim
350 2666 529 2718 silvestribus
540 2660 673 2714 horrida
684 2646 795 2700 numus·
