1816 2956
296 187 445 226 suumnos
463 189 549 227 suasa
568 189 611 227 1x.
791 180 850 228 889

125 346 207 393 ‘mene
221 345 298 405 igitur
311 344 410 393 socium
424 346 529 392 summis
543 345 683 407 adiungere
696 346 780 403 rebus,

126 434 194 491 Nise,
210 433 295 495 tugis?
308 434 392 480 solum
406 440 430 480 te
443 434 468 480 in
483 442 556 481 tanta
568 435 683 496 pericula
696 435 814 483 mittam?

125 524 228 571 nonita
240 536 281 570 me
293 523 404 583 genitor,
420 521 495 569 bellis
509 523 628 570 adsuetus
643 522 776 586 Opheltes,

55 617 105 658 200
125 612 279 673 Argolicum
292 619 414 658 terrorem
428 611 495 658 inter
507 610 654 672 Troiaeque
668 612 769 661 labores

125 700 255 748 sublatum
269 699 370 757 erudiit,
386 713 434 746 nee
447 706 531 747 tecum
545 699 608 747 talia
620 700 698 761 gessi,

124 789 320 850 magnanimum
332 789 440 835 Aenean
454 794 478 834 et
491 788 544 836 fata
557 795 673 836 extrema
684 797 800 837 secutus:

126 886 163 925 est
176 877 227 934 hie,
243 883 282 924 est
294 876 395 923 animus
409 876 474 923 lucis
488 884 650 939 contemptor
662 884 688 925 et
699 877 777 925 istum

125 967 169 1026 qui
183 966 235 1011 vita
247 964 312 1010 bene
326 964 414 1011 credat
426 963 485 1022 emi,
502 979 552 1025 quo
566 966 660 1023 tendis,
676 957 820 1013 honorenr.'

55 1059 104 1101 205
125 1053 201 1100 Nisus
216 1053 248 1100 ad
262 1052 326 1099 haec
336 1041 467 1113 ‘equidem
481 1052 512 1099 de
525 1058 550 1099 te
563 1053 600 1100 nil
613 1053 664 1101 tale
678 1054 792 1113 verebar,

125 1155 173 1188 nee
186 1141 232 1197 sas,
249 1154 315 1186 non:
331 1140 367 1186 ita
380 1154 421 1187 me
433 1139 527 1187 reserat
539 1140 585 1188 tibi
599 1155 708 1203 magnus
723 1151 842 1191 ovantem

124 1228 239 1290 Iuppiter
252 1235 296 1275 aut
309 1228 465 1290 quicumque
479 1228 560 1276 oeulis
574 1229 638 1277 haec
651 1231 744 1292 aspicit
752 1232 851 1294 aequis.

125 1318 169 1365 sed
183 1317 272 1378 siquis,
289 1331 355 1378 qnae
368 1317 450 1364 multa
462 1317 532 1365 vides
546 1317 693 1366 discrimine
707 1319 762 1380 tali,

126 1406 207 1468 siquis
221 1406 247 1451 in
262 1406 396 1453 adversum
409 1406 493 1468 rapiat.
506 1421 611 1454 casusve
624 1408 727 1465 deusve,

54 1500 104 1542 210
125 1502 148 1543 te
162 1509 294 1557 superesse
307 1495 399 1554 velim3
415 1502 459 1542 tua
471 1495 523 1542 vita
536 1495 639 1556 dignior
653 1503 731 1544 aetas.

124 1585 156 1630 sit
169 1584 213 1645 qui
227 1597 268 1630 me
281 1591 383 1645 raptum
396 1598 484 1645 pugna
497 1585 610 1645 pretiove
623 1585 783 1647 redemptum

124 1673 229 1719 mandet
241 1671 330 1730 humo,
355 1672 433 1719 solita
446 1679 490 1719 aut
502 1673 578 1735 siqua
591 1673 616 1720 id
631 1673 734 1724 fortuna
747 1675 852 1733 vetabit,

125 1760 223 1807 absenti
237 1760 302 1807 ferat
315 1760 420 1808 inferias
434 1761 589 1824 decoretque
602 1762 749 1823 sepulchro.

125 1863 175 1896 neu
188 1849 263 1895 matri
278 1848 387 1896 miserae
400 1849 464 1896 tanti
478 1851 526 1896 sim
540 1864 618 1897 eausa
632 1850 737 1909 doloris,

53 1941 103 1984 215
125 1951 192 1998 quae
205 1944 229 1983 te
242 1937 307 1994 soie,
323 1951 396 1998 puer,
412 1937 499 1984 multis
513 1952 527 1985 e
540 1937 664 1985 matribus
678 1954 741 1986 ausa

124 2024 294 2087 persequitur,
309 2024 396 2084 magni
411 2038 458 2073 nec
472 2026 575 2073 moenia
587 2034 660 2074 curat
672 2020 802 2076 Acestae'

123 2113 167 2160 ille
181 2121 266 2161 antem
276 2103 379 2160 ‘causas
393 2114 550 2175 nequiquam
565 2115 645 2162 nectis
659 2115 752 2174 inanis,

122 2215 170 2249 uec
183 2202 305 2249 mesiam
319 2208 417 2248 mutata
430 2201 489 2248 loeo
502 2202 629 2250 sententia
642 2203 718 2250 cedit.
756 2214 759 2218 '

123 2290 306 2338 adceleremus¹
319 2289 363 2336 ait.
393 2290 482 2349 vigiles
497 2290 573 2337 simul
589 2291 691 2338 excitat.
718 2291 757 2339 illi

51 2384 103 2426 220
123 2378 265 2426 succedunt
277 2385 429 2438 servantque
442 2378 525 2436 viees3
545 2378 655 2426 statione
669 2379 759 2427 relicta

121 2467 176 2528 ipse
190 2481 276 2514 eomes
289 2465 352 2512 Niso
366 2467 484 2526 graditur
497 2480 636 2529 regemque
648 2468 800 2529 requirunt.

157 2553 246 2601 Cetera
257 2569 307 2614 per
319 2562 399 2604 terras
413 2557 500 2605 omnis
516 2557 651 2606 auimaiia
670 2567 771 2603 summu

101 2638 232 2687 lavabunt
243 2656 321 2690 eurus
336 2653 365 2693 et
380 2649 467 2700 eorda
480 2648 574 2699 oblita
586 2647 745 2697 rasorum·-
