1816 2956
91 169 150 216 376
329 177 355 215 r.
372 175 493 214 vunnim
513 173 644 213 Manours

157 334 298 382 succedunt
310 332 421 394 fessique
435 340 460 378 et
473 344 553 392 equos
567 338 592 378 et
603 345 714 393 corpora
727 339 829 379 cumnt.

192 423 229 470 At
240 421 329 468 Venus
343 421 471 468 aetherios
483 420 550 466 inter
563 420 612 466 dea
624 419 737 467 candide
748 420 856 467 nimbos

158 511 228 558 dona
241 509 324 557 ferens
338 510 435 567 aderat,
451 514 592 569 natumque
605 508 633 554 in
644 506 714 556 valle
726 507 836 556 reducta

88 605 139 648 610
158 605 187 646 ut
198 598 289 661 procul
302 605 327 646 et
339 597 426 660 gelido
440 603 566 645 secretum
578 595 683 643 flumine
695 595 770 654 vidit,

158 686 252 735 talibus
265 686 353 734 adfata
366 693 404 734 est
416 685 491 732 dictis
504 699 583 746 seque
596 684 691 732 obtulit
701 685 784 732 ultro.

155 765 199 824 ‘eu
212 774 325 838 perfecta
337 773 388 821 mei
401 774 529 836 promissa
542 773 660 834 coniugis
674 780 729 820 arte

159 877 280 912 munera:
303 877 335 911 ue
347 877 409 909 mox
421 869 467 909 aut
478 861 624 920 Laurentis,
640 869 709 919 nate,
724 863 854 923 superbos

159 960 204 1000 aut
216 965 301 1000 acrem
314 951 415 998 dubites
427 951 455 998 iu
467 950 568 1013 proelia
580 963 686 1012 poscere
698 942 841 998 'furnum'

90 1046 139 1089 615
160 1041 225 1088 dixit
238 1047 263 1088 et
275 1040 408 1103 amplexus
422 1040 474 1086 uati
489 1037 617 1100 Cytherea
629 1037 727 1100 petivit,

160 1143 233 1178 arma
245 1129 291 1176 sub
305 1129 412 1177 adversa
425 1128 511 1190 posuit
523 1127 653 1175 radiantia
666 1141 773 1188 quercu.

159 1218 213 1276 ille,
229 1218 293 1266 deae
305 1217 381 1264 donis
393 1223 419 1264 et
432 1223 503 1263 tanto
517 1216 599 1264 laetus
614 1215 721 1274 honore,

160 1306 258 1369 expleri
271 1306 362 1367 nequit
374 1313 451 1367 atque
465 1305 555 1353 oculos
569 1318 614 1366 per
627 1304 732 1365 singula
743 1306 828 1354 volvit

160 1395 319 1457 miraturque
331 1395 448 1456 interque
460 1407 552 1440 manus
566 1400 592 1440 et
603 1392 726 1440 bracchia
737 1403 828 1444 versat

92 1490 143 1533 6⁶20
162 1484 302 1532 terribilem
315 1483 398 1530 cristis
411 1482 513 1543 galeam
526 1482 693 1543 flammasque
706 1492 859 1532 vomentem

162 1572 344 1634 fatiferumque
357 1585 453 1642 ensem,
469 1571 577 1618 loricam
590 1583 622 1618 ex
635 1584 694 1618 aere
707 1571 849 1632 rigentem,

163 1661 341 1722 sanguineam,
357 1659 503 1719 ingentem,
523 1659 607 1721 qualis
621 1674 680 1707 cum
693 1661 804 1709 caerula
817 1663 895 1710 nubes

163 1749 225 1797 solis
238 1749 378 1796 inardescit
390 1748 469 1796 radiis
483 1748 610 1809 longeque
623 1747 751 1808 refulget3

163 1846 218 1886 tum
231 1837 292 1885 levis
306 1851 394 1884 ocreas
408 1837 503 1884 electro
518 1850 633 1897 auroque
647 1845 750 1884 recocto

94 1932 143 1975 625
164 1926 316 1986 hastamque
330 1932 354 1972 et
367 1924 443 1986 clipei
458 1938 510 1970 non
523 1924 668 1973 enarrabile
681 1931 794 1976 textum.

164 2014 220 2062 illic
234 2029 273 2062 res
287 2013 365 2060 Italas
378 2012 607 2075 Romanorumque
619 2013 775 2076 triumphos,

165 2103 234 2151 haud
248 2099 334 2151 vatum
347 2102 452 2163 ignarus
465 2103 615 2164 venturique
628 2103 724 2150 inscius
738 2105 808 2162 aevi,

166 2193 261 2240 fecerat
272 2190 428 2253 ignipotens,
444 2190 499 2237 illic
512 2204 593 2250 genus
607 2205 684 2238 omne
697 2191 803 2241 futurae

166 2281 251 2343 stirpis
265 2279 296 2326 ab
310 2279 424 2327 Ascanio
439 2286 605 2341 pugnataque
618 2279 644 2325 in
658 2280 750 2328 ordine
763 2281 846 2331 bella,

96 2376 146 2418 630
166 2369 262 2418 fecerat
274 2375 299 2416 et
310 2367 384 2415 viridi
399 2368 477 2415 fetam
489 2367 612 2414 Mavortis
625 2368 652 2413 iu
666 2376 741 2415 antro

161 2456 334 2525 procubuisse
347 2457 444 2519 lupam,
460 2456 577 2516 geminos
590 2454 650 2503 huic
663 2455 745 2504 ubera
758 2458 860 2509 circum

153 2552 249 2603 ludere
262 2547 409 2618 pendentis
421 2561 520 2613 pueros
533 2552 560 2592 et
568 2543 686 2591 lambere
694 2553 807 2591 matrem

143 2645 314 2713 inpavidos,
329 2645 414 2697 illam
425 2637 509 2691 tereti
522 2632 626 2684 ceruice
636 2628 764 2674 reflexam
