1816 2956
251 198 399 239 Anuurnos
418 199 507 238 Lmen
522 199 551 238 v.
738 190 797 238 269

74 364 253 406 transcurrunt
266 357 414 419 crinemque
428 357 542 403 volantia
554 357 639 404 sidera
652 357 757 405 ducunt.

73 447 189 496 attonitis
204 446 309 493 haesere
322 446 423 503 animis,
439 460 597 507 superosque
610 447 705 508 precati

31 542 55 585 to
74 536 201 583 Trinacrii
216 535 361 597 Teucrique
374 535 436 593 viri3
458 548 504 581 nec
518 535 645 581 cinximus
660 549 735 583 omen

75 625 165 672 abnuit
177 625 289 682 Aeneas,
305 624 349 671 sed
363 624 459 671 laetum
473 624 607 685 amplexus
620 624 732 672 Acesten

75 713 224 761 muneribus
239 713 354 759 cumulet
367 713 466 772 mugnis
480 728 511 759 ee
524 713 587 760 talia
600 712 675 759 futur.

71 789 164 860 ‘sume
180 808 268 864 pater3
290 817 349 848 unm
364 808 387 848 te
401 801 481 848 voluit
493 816 539 848 rex
551 816 660 862 magnus
675 800 778 865 Olympi

76 890 170 939 talibus
184 891 305 952 auspiciis
319 898 433 937 exortem
449 891 541 937 ducere
554 890 689 937 honorem.

31 985 56 1028 tt
76 979 157 1042 ipsius
171 978 301 1026 Anchisae
315 980 435 1039 longaevi
448 979 499 1026 hoc
512 994 604 1026 munus
618 979 735 1039 habebis,

77 1074 177 1116 cratera
190 1068 334 1129 inpressum
348 1068 437 1128 signis,
454 1083 530 1129 quem
543 1068 669 1116 Thracius
683 1069 745 1116 olim

77 1157 210 1205 Anchisae
223 1158 332 1218 genitori
347 1157 372 1203 in
386 1172 481 1217 magno
496 1172 601 1205 munere
615 1156 717 1205 Cisseus

78 1245 146 1294 ferre
159 1247 197 1293 sui
213 1247 319 1294 dederet
331 1253 526 1293 monumentum
546 1254 570 1294 et
583 1247 677 1309 pignus
691 1239 806 1295 amoris'

78 1335 115 1383 sic
129 1335 196 1383 fatus
210 1336 290 1396 cingit
303 1336 421 1382 viridanti
436 1344 552 1396 tempore
565 1337 638 1383 lauro

31 1430 59 1472 to
79 1430 104 1472 et
116 1424 226 1486 primum
241 1431 300 1471 urite
318 1425 400 1471 omnis
415 1425 535 1472 rictorem
556 1427 670 1487 appellet
683 1427 803 1473 Acesten.

80 1526 127 1561 nec
139 1513 222 1559 bonus
235 1513 359 1574 Eurytion
373 1515 489 1576 praelato
504 1515 595 1561 invidit
608 1514 710 1573 honori,

80 1601 197 1664 quemvis
211 1602 280 1648 solus
295 1617 367 1650 nvem
381 1604 452 1650 caclo
467 1604 559 1650 deiecit
572 1602 603 1650 uh
618 1603 680 1652 alto.

80 1691 212 1753 proximus
226 1691 369 1751 ingreditur·
383 1692 456 1738 donis
471 1692 513 1753 qui
528 1692 631 1739 vincula
644 1692 720 1753 nrpit,

81 1786 209 1828 extremus
222 1779 319 1827 volucri
334 1781 377 1842 qui
391 1781 447 1826 fixit
459 1780 603 1828 harundine
616 1782 721 1828 malum.

31 1873 61 1916 45
116 1868 152 1915 At
165 1875 237 1929 puter
249 1869 361 1927 Aeneas,
377 1871 493 1916 nondum
507 1870 645 1917 certamine
658 1871 746 1932 misso,

81 1959 213 2005 custodem
226 1958 259 2005 ed
273 1972 328 2005 sese
342 1959 513 2021 comitemque
526 1958 629 2021 inpubis
643 1959 693 2006 Iuli

80 2045 207 2108 Epytiden
221 2054 296 2093 vocnt
309 2052 334 2093 et
346 2047 423 2094 fidum
437 2047 474 2094 sic
487 2047 554 2094 futur
568 2048 599 2094 ad
614 2063 710 2096 curem.

80 2133 152 2182 ‘vade
166 2149 213 2196 age
227 2141 252 2183 et
264 2135 388 2193 Ascanio,
404 2136 424 2182 si
439 2136 491 2184 iem
504 2137 602 2198 puerile
615 2145 733 2199 puratum

81 2237 174 2284 agmen
188 2224 266 2272 habet
279 2239 366 2271 secum
380 2239 519 2286 cursusque
537 2225 657 2272 instruxit
671 2241 805 2288 equorum,

31 2316 62 2360 50
82 2311 160 2360 ducat
173 2327 219 2359 avo
234 2319 330 2359 turmas
345 2320 369 2360 et
382 2328 436 2360 sese
450 2314 568 2361 ostendat
581 2314 607 2360 in
621 2315 707 2374 armis,

82 2392 130 2448 dic²
144 2402 188 2448 ait.
216 2402 271 2463 ipsc
285 2417 387 2449 omnent
400 2403 480 2462 longo
496 2402 618 2450 decedere
632 2403 700 2451 circo

81 2489 194 2536 infusum
208 2492 333 2552 populum
347 2497 372 2538 ct
385 2506 489 2552 campos
503 2491 574 2539 iubet
587 2507 641 2540 esse
654 2498 779 2554 patentes.

81 2579 205 2626 incedunt
217 2580 290 2640 pueri
303 2580 450 2642 pariterque
464 2587 522 2628 unte
537 2596 582 2627 orn
595 2588 731 2642 parentum

81 2666 187 2714 frenatis
200 2668 287 2716 lucent
299 2668 326 2715 in
340 2669 422 2734 equis,
438 2683 505 2734 quos
518 2669 607 2718 omnis
620 2669 711 2718 euntis
