1816 2956
74 155 134 204 tre
312 164 337 203 P.
355 163 476 203 truamur
496 163 627 204 naseins

142 320 189 368 sibi
203 335 258 369 esse
271 320 340 369 factu
352 327 454 383 praeter
466 319 516 367 hoc
529 319 708 377 novissimum,

143 417 248 472 paterna
262 409 318 456 lora
330 408 528 471 proximumque
541 408 678 470 pectinem.

142 498 185 546 sed
199 497 263 545 haec
276 498 347 559 prius
360 497 445 544 suere:
467 511 536 544 nuuc
549 496 663 545 eburnea

90 591 122 634 25
142 587 264 649 sedetque
277 587 337 634 sede
350 599 428 648 seque
442 585 545 633 dedicat
557 585 613 643 tini,

140 676 250 738 gemelle
265 674 357 722 Castor
370 680 396 722 et
407 673 517 735 gemelle
531 671 654 721 Castoris.

449 761 495 809 lx.

142 851 247 901 Scilicet
260 852 310 899 hoc
322 851 377 899 siue
390 851 493 908 fraude,
514 849 576 898 Veri
591 850 757 910 dulcissime,
774 853 871 900 dicam:
901 896 905 907 ,

178 941 330 1003 dispeream,
346 939 395 986 nisi
409 955 449 987 mc
462 939 574 1002 perdidit
586 939 634 987 iste
647 947 737 1002 putus.

142 1030 182 1077 sin
195 1036 281 1078 autem
295 1036 431 1091 praecepte
443 1035 530 1076 vetant
542 1042 582 1075 me
596 1026 691 1087 dicere,
707 1043 775 1078 saue

177 1133 230 1164 nou
244 1118 337 1176 dicam,
353 1118 397 1165 sed
411 1131 451 1164 me
465 1116 576 1179 perdidit
588 1115 635 1163 iste
649 1131 723 1178 puer.

454 1205 488 1252 X.

142 1295 240 1344 Villula
254 1309 320 1357 quae
333 1294 439 1356 Syronis
452 1308 508 1342 eres
522 1301 547 1340 et
559 1306 657 1356 pauper
669 1295 767 1355 agelle,

177 1399 264 1432 verum
277 1384 315 1431 illi
329 1383 435 1430 domino
450 1390 476 1429 tu
490 1395 594 1444 quoque
608 1381 722 1440 divitiae,

141 1481 205 1521 met
196 1473 241 1520 tibi
255 1479 280 1520 et
292 1473 339 1519 hos
352 1485 405 1519 une
417 1486 518 1533 mecum
531 1485 595 1533 quos
609 1484 711 1532 semper
726 1473 824 1532 amavi,

177 1562 261 1623 siquid
276 1562 307 1610 de
320 1560 403 1623 patria
416 1561 511 1607 tristius
525 1559 641 1617 erudiero,

108 1657 121 1698 5
143 1651 326 1708 commendo,
320 1664 346 1696 m
361 1649 499 1711 primisque
513 1655 619 1710 patrem.
648 1656 675 1694 tu
689 1663 764 1698 nunc
778 1652 829 1699 eris
839 1651 871 1698 illi

176 1740 284 1787 Mantua
297 1739 366 1800 qued
380 1737 463 1785 suerat
442 1738 597 1873 XIqnodque
612 1734 746 1786 Cremona
760 1741 840 1801 prius.

141 1918 228 1964 Pauca
241 1915 312 1972 mihi,
329 1915 403 1962 niveo
416 1826 489 1961 sedI
475 1929 526 1961 uon
541 1913 674 1975 incognite
687 1913 811 1975 Phoebo,

176 2019 260 2066 pauca
273 2004 335 2050 milri
350 2004 441 2052 doctae
454 2002 531 2050 dicite
543 2001 692 2062 Pegasides

141 2093 221 2139 uictor
235 2092 315 2149 adest,
332 2092 418 2152 magui
432 2106 555 2152 maguum
569 2091 646 2137 decus
661 2105 723 2139 ecce
739 2094 869 2158 triumphi

177 2181 256 2227 uictor
270 2195 321 2242 que
334 2189 416 2227 terrae
430 2194 532 2242 quaque
545 2187 633 2240 patent
645 2180 741 2239 maria,

107 2275 120 2316 5
142 2269 246 2316 horrida
260 2268 408 2316 barbaricae
423 2275 528 2331 portans
541 2267 655 2328 insignia
668 2282 788 2328 pugnae,

177 2372 285 2417 mugnus
301 2364 328 2403 ut
340 2355 452 2403 Oenides
466 2363 544 2418 utque
558 2355 683 2417 superbus
696 2356 782 2420 Erux,

175 2535 302 2581 maximus
316 2540 341 2580 ct
354 2543 456 2580 sanctos
470 2534 582 2594 dignus
576 2533 640 2580 inire
658 2534 767 2584 chores.

57 2684 61 2693 ι
139 2624 208 2671 hoc
203 2632 288 2685 itaque
303 2622 408 2669 insuetis
422 2622 504 2669 iactor
516 2621 608 2683 magis,
624 2623 733 2684 optime,
752 2628 830 2684 curis,
883 2666 890 2685 ,

140 2461 187 2493 nec
201 2446 286 2492 minus
299 2445 396 2492 idcirco
410 2452 512 2492 nostros
526 2458 677 2506 expromere
691 2456 789 2496 cantus
882 2410 893 2651 Ι
