1816 2956
264 187 411 226 annaioos
430 189 517 226 uranx
533 189 595 227 vm.
768 180 827 228 363
851 208 853 212 -

104 345 202 392 dicotur
216 344 290 391 nobis
304 345 388 392 eterit
402 359 468 406 quae
481 345 595 392 maxima
608 360 716 408 semper.

104 447 183 494 qnare
195 433 272 494 agite,
289 433 424 491 oiuvcnes,
440 434 830 482 tantaruminmunerelaudum

103 521 197 582 cingite
210 521 302 570 fronde
316 537 402 570 comas
416 530 441 570 ct
453 523 547 584 pocula
560 523 660 584 porgite
673 524 769 572 dextris

51 613 82 658 75
103 624 317 672 communemque
328 619 417 658 vocate
431 610 507 658 deum
520 618 545 658 et
558 611 616 659 date
624 611 682 660 vina
696 604 830 660 volentes.³

103 699 212 758 dixerat,
227 699 356 748 Herculea
368 699 468 747 bicolor
481 714 539 746 cum
552 700 664 761 populus
677 700 769 748 umbra

101 788 245 848 velavitque
259 801 346 835 comas
359 787 480 848 foliisque
493 788 588 836 innexa
600 789 723 850 pependit

102 883 127 923 et
139 890 210 924 sacer
223 876 331 938 inplevit
343 877 459 924 dextram
472 877 591 939 scyphus.
619 876 691 925 ocius
705 891 793 925 omnes

101 965 127 1011 in
141 979 257 1012 mensam
271 964 331 1012 laeti
344 963 428 1011 libant
440 964 563 1026 divosque
576 972 722 1027 precantur.
872 950 875 954 Α

51 1056 84 1099 80
138 1052 245 1100 Devexo
258 1052 355 1100 interea
368 1052 474 1114 propior
486 1052 514 1099 iit
528 1053 625 1116 Vesper
639 1052 760 1116 Olympo,

102 1141 205 1202 iamque
219 1141 364 1188 sacerdotes
377 1142 527 1203 primusque
540 1141 649 1189 Potitius
662 1142 744 1200 ibant,

102 1229 211 1290 pellibus
225 1229 252 1275 in
264 1243 363 1276 morem
376 1230 462 1286 cincti,
477 1229 646 1292 flammasque
659 1230 782 1279 ferebant.

100 1318 245 1366 instaurant
258 1318 347 1378 epulas
361 1326 386 1366 et
398 1332 501 1366 mensae
514 1325 589 1378 grata
601 1319 730 1367 secundae

101 1407 170 1456 dona
182 1407 268 1454 ferunt
281 1408 464 1469 cumulantque
477 1407 589 1455 oneratis
603 1407 721 1455 lancibus
734 1421 800 1455 aras.

49 1500 80 1543 85
100 1503 154 1543 tum
167 1496 226 1543 salii
239 1496 271 1542 ad
286 1503 376 1543 cantus
389 1496 495 1544 incensa
508 1495 600 1543 altaria
613 1496 709 1544 circum

100 1585 218 1647 populeis
233 1585 327 1632 adsunt
339 1585 431 1632 evincti
449 1591 565 1646 tempora
578 1585 664 1642 ramis,

100 1673 142 1721 hic
166 1673 286 1720 iuvenum
311 1672 417 1730 chorus,
445 1673 489 1721 ille
513 1687 618 1731 senum;
645 1672 689 1735 qui
714 1672 828 1721 carmine

400 1762 490 1809 laudes

101 1846 241 1895 Herculeas
255 1854 280 1895 ct
292 1848 360 1895 facta
373 1848 466 1906 ferunt,
481 1857 511 1896 ut
523 1849 606 1911 prima
619 1863 744 1898 novercae

100 1943 214 1983 monstra
222 1951 299 1983 manu
307 1936 475 1999 geminosque
482 1952 601 1999 premens
611 1939 707 1986 eliserit
717 1951 824 1999 angues,
848 1906 858 1931 ι

49 2029 80 2072 90
100 2032 128 2072 ut
140 2023 210 2072 bello
223 2024 339 2085 egregias
353 2025 421 2072 idem
438 2026 567 2074 disiecerit
579 2027 663 2085 urbes,

100 2113 258 2175 Troiamque
272 2111 492 2177 Oechaliamque,
508 2123 537 2163 ut
550 2117 627 2164 duros
641 2116 711 2164 mille
724 2115 825 2164 labores

99 2215 158 2262 rege
172 2202 218 2248 sub
231 2202 374 2264 Eurystheo
388 2203 446 2251 fatis
459 2203 566 2252 lunonis
579 2205 684 2268 iniquae

99 2291 240 2352 pertulerit.
264 2280 303 2338 ‘tu
317 2291 469 2353 nubigenas,
485 2293 586 2351 invicte,
602 2293 758 2350 bimembria

99 2378 277 2441 Hylaeumque
289 2379 466 2442 Pholumque,
482 2395 569 2440 mann,
585 2388 613 2428 tu
627 2380 716 2429 Cresia
729 2389 825 2428 mactas

49 2471 79 2514 95
99 2468 219 2529 prodigia
232 2476 257 2515 et
269 2474 367 2514 vastum
381 2467 492 2517 Nemeae
505 2468 552 2516 sub
565 2484 628 2531 rupe
642 2471 758 2516 leonem.

99 2563 123 2602 tc
134 2556 217 2617 Stygii
231 2564 357 2607 tremuere
372 2558 456 2620 lacus,
472 2567 498 2608 te
510 2558 613 2607 ianitor
626 2555 698 2604 Qrc'x

85 2655 144 2689 ossa
156 2659 238 2706 snper
249 2648 386 2701 recubans
401 2658 485 2701 antro
497 2664 614 2701 semesa
627 2644 747 2692 cruento
757 2649 772 2688 κ
