1816 2956
248 231 395 271 anunrnos
418 232 505 270 ursan
522 232 563 270 vr.
742 222 802 270 293

77 406 138 440 voce
156 404 250 438 vocans
269 388 398 446 Hecaten,
421 388 545 450 caeloque
561 387 699 453 Ereboque
716 397 807 452 poten-

378 483 437 524 tem.

77 574 226 632 supponunt
239 566 283 614 alii
298 565 394 613 cultros
408 566 575 628 tepidumque
588 581 705 616 cruorem

77 657 222 720 succipiunt
234 654 337 717 pateris.
365 655 420 716 ipse
434 655 481 702 atri
495 655 597 703 velleris
611 669 706 718 agnam

29 751 57 794 50
77 747 178 795 Aeneas
191 743 266 792 matri
280 743 451 790 Eumenidum
466 757 628 805 magnaeque
641 744 722 791 sorori

76 849 136 883 ense
149 834 208 881 ferit
219 833 383 894 sterilemque
396 831 451 890 tibi,
467 831 632 894 Proserpina,
647 847 761 880 vaccam,

76 930 131 970 tum
144 921 234 984 Stygio
248 921 301 983 regi
316 927 456 968 nocturnas
469 919 576 968 incohat
588 935 646 968 aras

78 1018 102 1059 et
115 1010 200 1058 solida
212 1009 314 1071 inponit
327 1017 460 1056 taurorum
473 1009 571 1057 viscera
583 1009 702 1068 flammis,

76 1099 172 1162 pingue
186 1112 262 1159 super
275 1098 361 1145 oleum
374 1097 512 1146 infundens
526 1097 675 1145 ardentibus
689 1098 763 1146 extis.

29 1191 56 1234 55
77 1201 135 1234 ecce
150 1193 243 1245 autem,
260 1186 335 1249 primi
349 1186 396 1234 sub
410 1187 509 1234 lumina
522 1186 584 1233 solis
599 1192 624 1233 et
636 1193 707 1233 ortus

77 1275 123 1323 snb
137 1274 245 1337 pedibus
258 1275 359 1338 mugire
372 1276 456 1322 solum
470 1282 495 1321 et
507 1275 569 1336 iuga
582 1282 673 1337 coepta
686 1275 781 1322 moven'

76 1365 198 1412 silvarum
211 1364 331 1426 visaeque
345 1379 421 1412 canos
434 1364 535 1412 ululare
548 1377 594 1426 per
606 1363 733 1423 umbram,

77 1454 231 1502 adventante
244 1454 301 1501 dea.
326 1443 428 1515 ‘procul
443 1468 457 1498 o
472 1454 562 1515 procul
577 1459 638 1511 este,
654 1443 765 1514 profani'

76 1543 223 1591 conclamat
235 1550 314 1600 vates,
326 1531 444 1603 ‘totoque
458 1541 573 1590 absistite
586 1541 645 1589 luco
657 1557 663 1599 3

29 1636 56 1678 30
76 1638 154 1694 tuque
167 1631 260 1679 invade
273 1631 340 1678 viam
353 1630 498 1692 vaginaque
512 1630 582 1692 eripe
595 1629 704 1677 ferrum:

75 1735 145 1768 nunc
157 1720 249 1767 animis
263 1734 337 1781 opus,
353 1721 450 1778 Aenea,
467 1733 536 1766 nuuc
549 1724 653 1780 pectore
663 1701 759 1764 humo?

76 1815 176 1856 tantum
190 1808 268 1856 effata
280 1807 367 1855 furens
382 1813 455 1855 antro
469 1821 496 1855 se
509 1805 607 1854 inmisit
621 1812 710 1868 aperto
722 1821 728 1865 3

75 1897 120 1944 ille
133 1897 224 1944 ducem
236 1896 304 1944 haud
318 1896 414 1943 timidis
425 1896 561 1944 vadentem
574 1895 692 1958 passibus
699 1902 804 1958 aequat.

110 1984 145 2032 Di
159 1984 252 2046 quibus
265 1984 402 2047 imperium
415 1989 453 2032 est
466 1983 626 2043 animarum,
648 1983 807 2048 umbraeque

377 2072 481 2120 silentes

29 2166 55 2208 35
75 2169 100 2209 et
113 2159 200 2208 Chaos
214 2168 239 2208 et
250 2160 422 2223 Phlegethon,
438 2161 498 2209 loca
510 2167 586 2209 nocte
599 2161 710 2209 tacentia
724 2161 785 2220 iate,

74 2251 107 2297 sit
119 2250 183 2297 mihi
196 2249 235 2296 sas
249 2250 337 2297 audita
350 2250 431 2312 loqui,
447 2250 480 2296 sit
492 2251 599 2298 numine
611 2257 694 2298 vestro

75 2339 189 2402 pandere
202 2353 241 2386 res
255 2339 308 2386 alta
321 2346 389 2387 terra
402 2344 427 2386 et
440 2339 551 2400 caligine
565 2353 670 2387 mersas.

109 2428 186 2475 lbant
199 2428 301 2476 obscuri
315 2428 372 2475 sola
385 2427 431 2474 sub
445 2435 521 2476 nocte
534 2443 580 2490 per
593 2427 711 2475 umbram

74 2532 171 2579 perque
185 2517 275 2564 domos
289 2516 357 2563 Ditis
371 2530 465 2564 vacuas
479 2523 504 2564 et
515 2516 605 2565 inania
618 2530 706 2577 regna,

29 2610 54 2653 to
75 2606 152 2667 quale
165 2620 210 2667 per
223 2606 348 2653 incertam
362 2606 451 2653 lunam
464 2604 511 2652 sub
525 2605 583 2653 luce
595 2605 716 2665 maligna

74 2700 112 2740 est
124 2693 173 2740 iter
185 2693 210 2740 in
224 2694 303 2754 silvis,
322 2694 363 2742 ubi
379 2695 486 2744 caelum
499 2693 629 2745 conbibit
637 2690 745 2738 umbra
