1816 2956
287 187 435 227 Ansstnos
453 188 539 226 trusa
555 189 586 227 11.
778 180 832 226 18¹1

104 345 184 392 vitam
198 345 371 403 exhalantem,
387 345 465 392 subiit
478 345 578 393 deserta
592 344 690 393 Creusa

101 441 131 482 ‘et
145 433 246 497 direpta
259 434 351 481 domus
364 440 390 482 et
401 433 473 496 parvi
487 447 561 480 casus
574 433 632 482 Iuli.

106 523 216 586 respicio
230 529 255 571 et
267 537 334 585 quae
346 523 379 570 sit
391 537 432 570 me
447 523 543 570 circum
557 523 638 585 copia
646 523 736 570 lustru.

51 615 84 659 65
106 611 242 660 deseruere
255 625 344 659 omues
358 610 451 659 defessi
465 617 491 658 et
503 625 613 673 corpora
626 611 693 658 saltu

105 699 139 748 ad
153 706 246 748 terram
258 699 351 748 misere
364 708 409 748 aut
421 699 524 761 ignibus
537 714 615 761 aegra
629 699 731 748 dedere.

140 788 248 850 Iamque
272 788 337 836 adeo
363 802 440 850 super
463 802 529 835 unus
554 803 640 846 eram,
669 803 726 835 curn
746 788 838 836 limina

407 876 502 925 Vestae

100 973 248 1014 ‘servantem
262 975 287 1014 et
300 966 405 1015 tacitam
417 973 515 1013 secreta
528 965 555 1012 iri
568 964 628 1013 sede
642 965 764 1012 latentem

104 1053 256 1115 Tyndarida
269 1055 382 1118 aspicio:
405 1055 468 1102 dant
481 1055 551 1103 clara
564 1054 685 1101 incendia
698 1054 782 1102 lucem

51 1145 84 1192 70
104 1142 199 1190 erranti
213 1144 360 1206 passimque
374 1145 464 1192 oculos
477 1158 522 1205 per
535 1149 628 1191 cuncta
640 1142 739 1194 ferenti.

102 1231 151 1279 illa
164 1231 213 1279 sibi
225 1232 332 1280 infestos
345 1247 433 1281 eversa
446 1231 478 1279 ob
492 1231 619 1293 Pergama
632 1230 745 1278 Teucros

104 1326 130 1368 et
142 1334 238 1383 poenas
251 1320 373 1368 Danaum
386 1327 411 1368 et
424 1321 516 1368 deserti
531 1320 648 1381 coniugis
661 1319 712 1367 iras

100 1417 297 1471 praemetuens,
320 1409 414 1457 Troiae
432 1417 457 1457 et
469 1410 568 1472 patriae
582 1409 726 1458 communis
739 1410 833 1471 erinys‚

105 1496 240 1546 abdiderat
252 1513 307 1546 sese
321 1505 398 1560 atque
412 1499 462 1545 aris
476 1498 558 1547 invisa
571 1498 685 1547 sedehat.

50 1590 82 1636 75
100 1600 221 1635 exarsere
234 1587 306 1648 ignes
320 1587 416 1644 animo,
432 1587 500 1634 subit
513 1587 552 1634 ira
565 1588 699 1635 cadentem

102 1675 192 1723 ulcisci
206 1676 317 1738 patriam
329 1684 355 1724 et
367 1677 504 1723 sceleratas
518 1690 618 1724 sumere
632 1690 738 1738 poenas.

99 1752 834 1827 ‘scilieethaecSpartamincolumispatriasqueMycenas

102 1852 209 1915 aspiciet
222 1860 348 1915 partoque
361 1853 408 1900 ibit
421 1853 511 1913 regina
524 1853 655 1915 triumphu

103 1941 304 2004 coniugiumque
318 1942 475 2003 domumque
487 1949 572 2004 patres
586 1949 713 2004 natusque
726 1942 832 2000 ridebit,

49 2034 82 2077 80
101 2029 214 2077 Iliadum
227 2030 302 2078 turba
315 2039 341 2079 et
353 2030 472 2092 Phrygiis
487 2031 608 2078 comitata
621 2031 753 2090 ministris,

102 2117 226 2166 occiderit
238 2119 305 2166 ferro
319 2119 445 2178 Priamus,
461 2118 541 2166 Troia
554 2118 644 2166 arserit
656 2118 719 2180 igni,

101 2206 264 2255 Dardanium
278 2208 371 2256 totiens
385 2207 484 2255 sudarit
496 2207 621 2268 sanguine
636 2208 714 2255 litus?

100 2309 154 2342 non
172 2294 217 2342 ita.
257 2311 370 2358 namque
383 2298 429 2344 etsi
444 2297 544 2344 nullum
557 2297 725 2345 memorabile
738 2312 833 2345 nomeu

100 2383 214 2432 feminea
225 2385 252 2431 in
266 2399 351 2446 poena
364 2393 402 2433 est
415 2400 463 2433 nec
476 2385 554 2434 habet
566 2385 674 2434 victoria
688 2386 800 2443 laudern,

49 2478 80 2522 85
101 2472 242 2520 extinxisse
256 2474 327 2521 nefas
341 2480 427 2522 tamen
441 2481 466 2522 et
479 2475 618 2537 sumpsisse
632 2474 752 2522 merentis

95 2559 228 2609 ¹laudabor
240 2576 338 2624 poenas
352 2562 518 2624 animumque
532 2563 649 2625 explesse
665 2562 761 2610 iuvabit

99 2649 199 2698 ultricis
212 2651 331 2698 flammae
345 2657 370 2698 et
383 2650 480 2699 cineres
494 2652 604 2700 satiasse
616 2643 752 2700 mearum?
