1816 2956
69 153 130 200 478
308 161 334 200 Ρ.
351 161 473 200 vanem
493 159 624 199 nammis

139 327 163 367 et
175 317 302 380 gremium
315 327 375 366 ante
388 332 462 365 suom
475 317 557 364 multa
569 317 593 363 vi
607 317 725 365 concitus
740 318 834 367 aufert.

68 414 118 458 745
138 407 238 455 tollitur
250 405 277 452 in
291 406 392 454 eaelum
405 406 504 454 clamor
517 406 655 467 cunctique
668 405 758 454 Latini

138 500 284 544 convertere
298 494 397 542 oeulos.
424 495 495 542 volat
506 494 597 556 igneus
610 507 725 556 aequore
737 495 865 552 Tarchon,

139 598 211 632 arma
223 583 358 645 virumque
370 582 454 630 ferens
463 600 469 642 3
483 590 539 630 tum
548 597 650 630 summa
660 582 743 645 ipsius
756 584 789 632 ab
799 583 866 632 hasta

139 672 261 733 defringit
272 671 368 718 ferrum
381 677 407 719 et
418 672 498 732 partis
512 672 619 719 rimatur
632 678 746 732 apertas,
883 682 886 743 f

139 777 191 824 qua
203 760 295 808 volnus
309 760 385 808 letale
399 759 472 818 feret,
488 768 578 807 eontra
591 760 636 806 ille
649 775 803 822 repugnans
883 746 886 761 ²

68 855 118 900 750
138 850 248 898 sustinet
260 864 275 896 a
288 848 378 909 iugulo
392 848 510 896 dextram
523 856 548 896 et
559 848 610 897 vim
623 848 722 896 viribus
737 850 800 897 exit.

138 945 217 1001 utque
230 937 321 984 volans
335 938 386 985 alte
398 943 501 998 raptum
515 952 573 987 cum
586 936 657 984 fulva
671 937 817 987 draconem

138 1028 187 1076 fert
200 1026 289 1088 aquila
301 1025 473 1088 inplicuitque
486 1026 564 1088 pedes
579 1031 656 1086 atque
667 1027 805 1087 unguibus
815 1027 868 1074 hae

439 1113 487 1172 sit;

138 1203 240 1252 sancius
254 1209 280 1249 at
292 1215 395 1263 serpena
409 1201 515 1249 sinuosa
527 1201 660 1248 volumina
672 1211 762 1251 versat

139 1280 298 1353 arrectisque
309 1290 396 1337 horret
409 1290 524 1352 squamis
537 1295 563 1337 ct
575 1289 663 1338 sibilat
675 1305 732 1349 ore,

69 1387 118 1432 755
139 1382 234 1429 arduos
247 1380 400 1440 insurgens3
419 1379 466 1426 illa
479 1378 548 1426 haud
562 1378 646 1424 minus
661 1388 758 1440 urguet
771 1381 869 1429 obunco

139 1470 280 1518 luctantem
292 1474 385 1525 rostro,
400 1467 477 1514 simul
491 1466 596 1514 aethera
608 1467 728 1515 verberat
742 1470 811 1518 alis:

139 1558 208 1605 haud
222 1557 297 1604 aliter
310 1555 431 1618 praedam
440 1555 576 1602 Tiburtum
590 1569 622 1603 ex
635 1555 743 1617 agmine
751 1557 868 1606 Tarchon

139 1654 225 1709 portat
238 1659 326 1692 orvans.
354 1644 426 1690 ducis
440 1644 584 1705 exemplum
600 1651 777 1707 eventumque
796 1645 868 1694 seent'

138 1734 293 1783 Maeonidae
306 1734 448 1780 incurrunt.
476 1740 530 1779 tum
544 1733 602 1803 fatis
618 1731 722 1780 debitus
737 1735 842 1782 Arruns

70 1828 120 1873 760
139 1824 254 1871 velocem
267 1822 352 1869 iaculo
366 1828 391 1868 et
404 1821 486 1867 multa
499 1821 569 1882 prior
583 1828 636 1868 arte
651 1819 798 1871 Camillam

140 1911 231 1959 circuit
244 1918 268 1957 et
281 1925 347 1972 qnae
360 1910 393 1957 sit
406 1909 510 1956 fortuna
522 1909 648 1957 facillima
661 1915 784 1971 temptat.

140 2013 231 2060 quase
245 2013 354 2060 eumque
368 1999 454 2046 furens
467 1998 553 2044 medio
567 1998 626 2044 tulit
638 1997 747 2058 agmine
759 2000 846 2061 virgo,

139 2087 189 2134 hac
201 2088 301 2133 Arruns
315 2086 384 2134 subit
397 2093 421 2134 et
434 2085 526 2133 tacitus
539 2085 647 2146 vestigia
660 2086 775 2146 lustrat3

141 2190 193 2237 qua
205 2175 296 2222 victrix
314 2175 380 2222 redit
396 2174 443 2222 illa
455 2174 598 2235 pedemque
612 2188 644 2220 ex
657 2172 734 2222 hoste
748 2184 866 2238 reportat

70 2268 119 2313 765
140 2264 189 2310 hac
202 2263 299 2310 iuvenis
313 2263 400 2310 furtim
414 2262 504 2310 celeris
518 2262 653 2322 detorquet
666 2261 798 2312 habenas.

140 2352 188 2399 hos
202 2352 286 2400 aditus
300 2352 403 2412 iamque
417 2351 464 2398 hos
478 2350 562 2398 aditus
576 2364 734 2412 omnemque
748 2359 860 2414 pererrat

139 2440 254 2507 undique
274 2439 409 2490 circuitum
428 2445 453 2486 et
472 2445 567 2486 certam
586 2438 669 2499 quatit
686 2438 819 2502 inprobus
833 2441 863 2489 ha

451 2534 527 2577 stam.

123 2632 199 2686 forte
216 2646 298 2685 sacer
313 2617 438 2696 Cybel'ae
452 2610 717 2669 calamaneumque
727 2612 849 2655 sacerdos
