1816 2956
257 194 405 237 Aruernos
423 195 511 236 arana
527 197 548 237 1.
741 187 798 236 139

29 361 54 404 ts
74 356 144 404 unde
156 369 202 419 per
215 370 261 403 ora
272 369 365 403 novem
377 361 449 403 vasto
463 369 522 402 cum
534 369 664 403 murmure
676 355 771 403 montis

74 445 96 493 it
107 459 178 494 mare
191 451 343 508 proruptum
356 450 381 492 et
392 445 486 507 pelago
500 445 593 507 premit
610 458 670 492 arva
686 444 798 492 sonanti.

74 533 118 582 hio
130 541 215 582 tamen
228 534 274 582 ille
286 533 376 581 urbem
388 533 477 580 Patavi
490 533 614 594 sedesque
628 533 722 582 locavit

74 622 233 671 Teucrorum
246 628 272 671 et
283 623 354 684 genti
367 636 462 670 nomen
475 622 545 670 dedit
558 637 680 685 armaque
693 622 750 670 fixit

74 710 163 771 Troia,
178 726 248 760 nune
259 711 364 774 placida
376 718 515 774 eonpoatus
528 727 592 774 paee
605 713 728 775 quiescit:

29 805 54 848 io
75 814 132 859 noa,
147 806 192 848 tua
204 801 350 863 progenies,
366 801 430 849 caeli
445 800 537 863 quibus
551 801 643 848 adnuis
657 815 750 860 arcem,

74 889 182 937 navibus
196 888 355 952 (infandum)
369 889 468 937 amissis
482 889 558 937 unius
572 890 604 937 ob
618 889 684 936 iram

75 978 209 1041 prodimur
221 985 298 1040 atque
310 977 383 1026 Italia
396 978 473 1039 longe
487 977 657 1039 disiungimur
670 978 730 1026 oria.

75 1067 118 1114 hio
129 1067 232 1129 pietatis
245 1066 346 1114 honos?
365 1066 402 1114 sic
414 1082 462 1115 noa
475 1067 502 1114 in
515 1073 616 1129 seeptro
628 1058 755 1129 reponisl’

99 1145 100 1148 Ἴ
112 1153 165 1203 Olli
179 1152 313 1202 subridens
326 1153 460 1202 hominum
473 1162 544 1203 sator
556 1163 634 1217 atque
647 1156 755 1204 deorum

29 1248 54 1292 '15
75 1244 146 1291 voltu
160 1258 211 1306 quo
224 1243 325 1291 eaelum
337 1250 552 1306 tempestatesque
565 1251 666 1292 serenat

74 1332 165 1380 oscula
178 1332 267 1380 libavit
280 1339 365 1391 natae,
381 1332 474 1381 dehine
488 1333 551 1381 talia
564 1333 640 1380 fatur.

73 1421 160 1484 ‘parce
172 1427 251 1480 metu,
268 1419 410 1483 Cytherea:
431 1429 537 1469 manent
547 1421 647 1469 inmota
659 1428 761 1470 tuorum

75 1510 129 1557 fata
141 1509 203 1570 tibi;
224 1524 312 1557 cernes
325 1511 414 1558 urbem
429 1518 454 1558 et
466 1511 593 1573 promissa
604 1511 695 1559 Lavini

74 1598 178 1646 moenia
191 1598 380 1661 sublimemque
392 1599 457 1648 feres
471 1600 504 1647 ad
517 1600 602 1649 sidera
614 1601 679 1648 caeli

29 1693 55 1736 to
75 1688 270 1749 magnanimum
283 1689 406 1748 Aenean,
428 1703 511 1751 neque
524 1703 565 1736 me
578 1690 705 1737 sententia
717 1690 800 1739 vertit.

75 1776 117 1824 hio
138 1776 183 1824 tibi
197 1776 284 1840 (fabor
296 1777 379 1837 euim,
401 1779 505 1841 quando
518 1777 583 1826 haee
596 1785 621 1826 te
634 1793 695 1827 eura
707 1793 803 1826 remor-

377 1867 428 1926 det,

74 1954 178 2016 longius
192 1962 217 2003 et
228 1956 332 2004 volvens
345 1955 456 2004 fatorum
469 1971 564 2004 arcana
576 1957 697 2021 movebo)

74 2043 172 2092 bellum
184 2044 275 2105 ingens
288 2051 360 2106 geret
372 2045 448 2105 Italia
461 2046 622 2109 populosque
635 2047 732 2095 seroces

75 2133 216 2180 contundet
228 2147 364 2196 moresque
377 2135 435 2183 viris
450 2142 475 2183 et
486 2136 590 2184 moenia
602 2144 688 2199 ponet,

29 2227 54 2270 55
75 2221 152 2270 tertia
165 2221 226 2269 dum
238 2221 314 2269 Latio
328 2232 480 2285 regnantem
491 2225 583 2273 viderit
596 2232 679 2274 aestas

74 2318 199 2372 ternaque
212 2311 360 2360 transierint
371 2313 472 2362 Rutulis
486 2314 594 2363 hiberno
607 2315 727 2364 subactis.

75 2406 102 2447 at
113 2414 177 2463 puer
189 2401 327 2459 Ascanius,
344 2402 384 2449 oui
398 2417 467 2452 nuno
480 2419 622 2465 cognomen
637 2404 695 2452 Iulo

74 2488 178 2536 additur
191 2489 256 2551 (Ilus
271 2497 325 2537 erat
338 2491 398 2538 dum
411 2507 451 2540 res
464 2492 534 2541 stetit
546 2493 595 2541 Ilia
607 2494 709 2557 regno),

74 2577 182 2638 triginta
194 2592 303 2639 magnos
316 2579 447 2628 volvendis
460 2581 589 2630 mensibus
603 2581 677 2630 orbes

29 2673 54 2716 l0
73 2666 184 2729 imperio
198 2667 312 2729 explebit
324 2683 484 2736 regnumque
497 2670 530 2720 ab
544 2671 608 2721 sede
616 2670 719 2720 Lavini
