<?xml version="1.0" encoding="UTF-8"?>
<!DOCTYPE html PUBLIC "-//W3C//DTD XHTML 1.0 Transitional//EN"
    "http://www.w3.org/TR/xhtml1/DTD/xhtml1-transitional.dtd">
<html xmlns="http://www.w3.org/1999/xhtml" xml:lang="en" lang="en">
 <head>
  <title>
</title>
<meta http-equiv="Content-Type" content="text/html;charset=utf-8" />
  <meta name='ocr-system' content='tesseract 3.04.00' />
  <meta name='ocr-capabilities' content='ocr_page ocr_carea ocr_par ocr_line ocrx_word'/>
</head>
<body>
  <div class='ocr_page' id='page_1' title='image "./pvergiliusmaro01virggoog/pvergiliusmaro01virggoog_0047.png"; bbox 0 0 1816 2956; ppageno 0'>
   <div class='ocr_carea' id='block_1_1' title="bbox 346 210 661 252">
    <p class='ocr_par' dir='ltr' id='par_1_1' title="bbox 346 210 661 252">
     <span class='ocr_line' id='line_1_1' title="bbox 346 210 661 252; baseline 0 -2"><span class='ocrx_word' id='word_1_1' title='bbox 346 213 372 252; x_wconf 81' lang='lat' dir='ltr'>P.</span> <span class='ocrx_word' id='word_1_2' title='bbox 389 211 511 251; x_wconf 83' lang='lat' dir='ltr'>VERGILI</span> <span class='ocrx_word' id='word_1_3' title='bbox 530 210 661 251; x_wconf 73' lang='lat' dir='ltr'>Manoms</span> 
     </span>
    </p>
   </div>
   <div class='ocr_carea' id='block_1_2' title="bbox 124 367 893 2730">
    <p class='ocr_par' dir='ltr' id='par_1_2' title="bbox 176 367 852 520">
     <span class='ocr_line' id='line_1_2' title="bbox 176 367 829 430; baseline -0.003 -12"><span class='ocrx_word' id='word_1_4' title='bbox 176 385 218 419; x_wconf 90' lang='lat' dir='ltr'>me</span> <span class='ocrx_word' id='word_1_5' title='bbox 231 369 286 418; x_wconf 87' lang='lat' dir='ltr'>sine</span> <span class='ocrx_word' id='word_1_6' title='bbox 299 369 356 417; x_wconf 89' lang='lat' dir='ltr'>sola</span> <span class='ocrx_word' id='word_1_7' title='bbox 367 368 446 417; x_wconf 86' lang='lat' dir='ltr'>vides.</span> <span class='ocrx_word' id='word_1_8' title='bbox 475 385 499 429; x_wconf 91' lang='lat' dir='ltr'>a,</span> <span class='ocrx_word' id='word_1_9' title='bbox 515 374 539 418; x_wconf 88' lang='lat' dir='ltr'>te</span> <span class='ocrx_word' id='word_1_10' title='bbox 552 383 584 417; x_wconf 85' lang='lat' dir='ltr'>ne</span> <span class='ocrx_word' id='word_1_11' title='bbox 597 367 695 430; x_wconf 79' lang='lat' dir='ltr'>frigora</span> <span class='ocrx_word' id='word_1_12' title='bbox 707 368 829 417; x_wconf 75' lang='lat' dir='ltr'><strong>laedant!</strong></span> 
     </span>
     <span class='ocr_line' id='line_1_3' title="bbox 177 457 852 520; baseline -0.001 -13"><span class='ocrx_word' id='word_1_13' title='bbox 177 474 201 518; x_wconf 87' lang='lat' dir='ltr'>a,</span> <span class='ocrx_word' id='word_1_14' title='bbox 217 458 263 507; x_wconf 91' lang='lat' dir='ltr'>tibi</span> <span class='ocrx_word' id='word_1_15' title='bbox 277 473 308 506; x_wconf 92' lang='lat' dir='ltr'>ne</span> <span class='ocrx_word' id='word_1_16' title='bbox 322 464 422 506; x_wconf 85' lang='lat' dir='ltr'>teneras</span> <span class='ocrx_word' id='word_1_17' title='bbox 435 457 531 519; x_wconf 84' lang='lat' dir='ltr'>glacies</span> <span class='ocrx_word' id='word_1_18' title='bbox 545 464 613 506; x_wconf 89' lang='lat' dir='ltr'>secet</span> <span class='ocrx_word' id='word_1_19' title='bbox 626 471 718 520; x_wconf 88' lang='lat' dir='ltr'>aspera</span> <span class='ocrx_word' id='word_1_20' title='bbox 730 457 852 520; x_wconf 76' lang='lat' dir='ltr'><strong>plantas!</strong></span> 
     </span>
    </p>

    <p class='ocr_par' dir='ltr' id='par_1_3' title="bbox 126 526 860 958">
     <span class='ocr_line' id='line_1_4' title="bbox 126 526 860 608; baseline 0.003 -14"><span class='ocrx_word' id='word_1_21' title='bbox 126 553 158 594; x_wconf 87' lang='lat'>50</span> <span class='ocrx_word' id='word_1_22' title='bbox 177 547 220 594; x_wconf 94' lang='lat' dir='ltr'>ibo</span> <span class='ocrx_word' id='word_1_23' title='bbox 234 553 259 595; x_wconf 90' lang='lat' dir='ltr'>et</span> <span class='ocrx_word' id='word_1_24' title='bbox 272 545 423 594; x_wconf 84' lang='lat' dir='ltr'>Chalcidico</span> <span class='ocrx_word' id='word_1_25' title='bbox 438 561 504 608; x_wconf 88' lang='lat' dir='ltr'>quae</span> <span class='ocrx_word' id='word_1_26' title='bbox 517 552 576 593; x_wconf 89' lang='lat' dir='ltr'>sunt</span> <span class='ocrx_word' id='word_1_27' title='bbox 588 546 651 593; x_wconf 92' lang='lat' dir='ltr'>mihi</span> <span class='ocrx_word' id='word_1_28' title='bbox 665 546 771 594; x_wconf 87' lang='lat' dir='ltr'>condita</span> <span class='ocrx_word' id='word_1_29' title='bbox 783 526 860 596; x_wconf 73' lang='lat' dir='ltr'>versu</span> 
     </span>
     <span class='ocr_line' id='line_1_5' title="bbox 177 633 779 697; baseline 0 -14"><span class='ocrx_word' id='word_1_30' title='bbox 177 635 293 683; x_wconf 89' lang='lat' dir='ltr'>carmina</span> <span class='ocrx_word' id='word_1_31' title='bbox 304 634 414 697; x_wconf 87' lang='lat' dir='ltr'>pastoris</span> <span class='ocrx_word' id='word_1_32' title='bbox 428 633 508 682; x_wconf 87' lang='lat' dir='ltr'>Siculi</span> <span class='ocrx_word' id='word_1_33' title='bbox 521 634 677 683; x_wconf 83' lang='lat' dir='ltr'>modulabor</span> <span class='ocrx_word' id='word_1_34' title='bbox 689 649 779 683; x_wconf 90' lang='lat' dir='ltr'>avena.</span> 
     </span>
     <span class='ocr_line' id='line_1_6' title="bbox 177 723 781 786; baseline 0 -15"><span class='ocrx_word' id='word_1_35' title='bbox 177 728 275 771; x_wconf 90' lang='lat' dir='ltr'>certum</span> <span class='ocrx_word' id='word_1_36' title='bbox 288 723 365 771; x_wconf 87' lang='lat' dir='ltr'>estin</span> <span class='ocrx_word' id='word_1_37' title='bbox 378 723 457 781; x_wconf 88' lang='lat' dir='ltr'>silvis,</span> <span class='ocrx_word' id='word_1_38' title='bbox 472 723 539 771; x_wconf 91' lang='lat' dir='ltr'>inter</span> <span class='ocrx_word' id='word_1_39' title='bbox 552 723 656 786; x_wconf 89' lang='lat' dir='ltr'>spelaea</span> <span class='ocrx_word' id='word_1_40' title='bbox 668 723 781 771; x_wconf 87' lang='lat' dir='ltr'>ferarum</span> 
     </span>
     <span class='ocr_line' id='line_1_7' title="bbox 177 811 807 874; baseline 0.005 -16"><span class='ocrx_word' id='word_1_41' title='bbox 177 812 255 860; x_wconf 89' lang='lat' dir='ltr'>malle</span> <span class='ocrx_word' id='word_1_42' title='bbox 268 811 321 874; x_wconf 88' lang='lat' dir='ltr'>pati</span> <span class='ocrx_word' id='word_1_43' title='bbox 335 811 479 872; x_wconf 90' lang='lat' dir='ltr'>tenerisque</span> <span class='ocrx_word' id='word_1_44' title='bbox 492 826 563 859; x_wconf 88' lang='lat' dir='ltr'>meos</span> <span class='ocrx_word' id='word_1_45' title='bbox 577 811 690 860; x_wconf 92' lang='lat' dir='ltr'>incidere</span> <span class='ocrx_word' id='word_1_46' title='bbox 704 827 807 861; x_wconf 88' lang='lat' dir='ltr'>amores</span> 
     </span>
     <span class='ocr_line' id='line_1_8' title="bbox 177 899 796 958; baseline 0.003 -12"><span class='ocrx_word' id='word_1_47' title='bbox 177 899 325 948; x_wconf 80' lang='lat' dir='ltr'>arboribus:</span> <span class='ocrx_word' id='word_1_48' title='bbox 341 906 456 948; x_wconf 83' lang='lat' dir='ltr'>crescent</span> <span class='ocrx_word' id='word_1_49' title='bbox 468 900 538 958; x_wconf 87' lang='lat' dir='ltr'>illae,</span> <span class='ocrx_word' id='word_1_50' title='bbox 554 900 671 948; x_wconf 89' lang='lat' dir='ltr'>crescetis</span> <span class='ocrx_word' id='word_1_51' title='bbox 686 915 796 950; x_wconf 89' lang='lat' dir='ltr'>amores.</span> 
     </span>
    </p>

    <p class='ocr_par' dir='ltr' id='par_1_4' title="bbox 126 987 864 1404">
     <span class='ocr_line' id='line_1_9' title="bbox 126 987 768 1051; baseline 0.003 -17"><span class='ocrx_word' id='word_1_52' title='bbox 126 992 157 1035; x_wconf 88' lang='lat'>55</span> <span class='ocrx_word' id='word_1_53' title='bbox 177 987 275 1037; x_wconf 88' lang='lat' dir='ltr'>interea</span> <span class='ocrx_word' id='word_1_54' title='bbox 287 988 374 1036; x_wconf 85' lang='lat' dir='ltr'>mixtis</span> <span class='ocrx_word' id='word_1_55' title='bbox 387 988 501 1036; x_wconf 81' lang='lat' dir='ltr'>lustrabo</span> <span class='ocrx_word' id='word_1_56' title='bbox 514 989 636 1037; x_wconf 80' lang='lat' dir='ltr'>Maenala</span> <span class='ocrx_word' id='word_1_57' title='bbox 648 988 768 1051; x_wconf 88' lang='lat' dir='ltr'>nymphis</span> 
     </span>
     <span class='ocr_line' id='line_1_10' title="bbox 178 1076 864 1139; baseline 0.003 -15"><span class='ocrx_word' id='word_1_58' title='bbox 178 1084 222 1126; x_wconf 93' lang='lat' dir='ltr'>aut</span> <span class='ocrx_word' id='word_1_59' title='bbox 235 1078 300 1126; x_wconf 88' lang='lat' dir='ltr'>acris</span> <span class='ocrx_word' id='word_1_60' title='bbox 312 1076 426 1126; x_wconf 85' lang='lat' dir='ltr'>venabor</span> <span class='ocrx_word' id='word_1_61' title='bbox 439 1091 523 1139; x_wconf 89' lang='lat' dir='ltr'>apros.</span> <span class='ocrx_word' id='word_1_62' title='bbox 552 1091 604 1124; x_wconf 90' lang='lat' dir='ltr'>non</span> <span class='ocrx_word' id='word_1_63' title='bbox 616 1091 657 1124; x_wconf 92' lang='lat' dir='ltr'>me</span> <span class='ocrx_word' id='word_1_64' title='bbox 670 1078 725 1125; x_wconf 93' lang='lat' dir='ltr'>ulla</span> <span class='ocrx_word' id='word_1_65' title='bbox 738 1078 864 1126; x_wconf 87' lang='lat' dir='ltr'>vetabunt</span> 
     </span>
     <span class='ocr_line' id='line_1_11' title="bbox 177 1146 840 1228; baseline 0.003 -16"><span class='ocrx_word' id='word_1_66' title='bbox 177 1165 275 1228; x_wconf 86' lang='lat' dir='ltr'>frigora</span> <span class='ocrx_word' id='word_1_67' title='bbox 287 1165 440 1214; x_wconf 88' lang='lat' dir='ltr'>Parthenios</span> <span class='ocrx_word' id='word_1_68' title='bbox 454 1146 560 1213; x_wconf 81' lang='lat' dir='ltr'>canibus</span> <span class='ocrx_word' id='word_1_69' title='bbox 575 1166 734 1215; x_wconf 89' lang='lat' dir='ltr'>circumdare</span> <span class='ocrx_word' id='word_1_70' title='bbox 747 1167 840 1215; x_wconf 78' lang='lat' dir='ltr'>saltus,</span> 
     </span>
     <span class='ocr_line' id='line_1_12' title="bbox 177 1253 821 1317; baseline 0.005 -17"><span class='ocrx_word' id='word_1_71' title='bbox 177 1253 230 1303; x_wconf 90' lang='lat' dir='ltr'>iam</span> <span class='ocrx_word' id='word_1_72' title='bbox 242 1254 305 1302; x_wconf 92' lang='lat' dir='ltr'>mihi</span> <span class='ocrx_word' id='word_1_73' title='bbox 318 1269 364 1317; x_wconf 92' lang='lat' dir='ltr'>per</span> <span class='ocrx_word' id='word_1_74' title='bbox 376 1268 451 1317; x_wconf 89' lang='lat' dir='ltr'>rupes</span> <span class='ocrx_word' id='word_1_75' title='bbox 464 1254 553 1302; x_wconf 83' lang='lat' dir='ltr'>videor</span> <span class='ocrx_word' id='word_1_76' title='bbox 565 1254 688 1316; x_wconf 87' lang='lat' dir='ltr'>lucosque</span> <span class='ocrx_word' id='word_1_77' title='bbox 702 1255 821 1303; x_wconf 89' lang='lat' dir='ltr'>sonantis</span> 
     </span>
     <span class='ocr_line' id='line_1_13' title="bbox 177 1340 774 1404; baseline 0.002 -16"><span class='ocrx_word' id='word_1_78' title='bbox 177 1341 230 1401; x_wconf 83' lang='lat' dir='ltr'>ire3</span> <span class='ocrx_word' id='word_1_79' title='bbox 245 1342 307 1391; x_wconf 90' lang='lat' dir='ltr'>libet</span> <span class='ocrx_word' id='word_1_80' title='bbox 319 1342 415 1390; x_wconf 87' lang='lat' dir='ltr'>Partho</span> <span class='ocrx_word' id='word_1_81' title='bbox 428 1347 547 1404; x_wconf 85' lang='lat' dir='ltr'>torquere</span> <span class='ocrx_word' id='word_1_82' title='bbox 562 1340 680 1404; x_wconf 83' lang='lat' dir='ltr'>Cydonia</span> <span class='ocrx_word' id='word_1_83' title='bbox 693 1356 774 1390; x_wconf 92' lang='lat' dir='ltr'>cornu</span> 
     </span>
    </p>

    <p class='ocr_par' dir='ltr' id='par_1_5' title="bbox 126 1429 892 1496">
     <span class='ocr_line' id='line_1_14' title="bbox 126 1429 892 1496; baseline 0.005 -20"><span class='ocrx_word' id='word_1_84' title='bbox 126 1433 158 1476; x_wconf 81' lang='lat'>60</span> <span class='ocrx_word' id='word_1_85' title='bbox 178 1429 286 1492; x_wconf 90' lang='lat' dir='ltr'>spicula.</span> <span class='ocrx_word' id='word_1_86' title='bbox 332 1437 465 1496; x_wconf 87' lang='lat' dir='ltr'>tamquam</span> <span class='ocrx_word' id='word_1_87' title='bbox 484 1430 549 1479; x_wconf 89' lang='lat' dir='ltr'>haec</span> <span class='ocrx_word' id='word_1_88' title='bbox 567 1430 600 1477; x_wconf 90' lang='lat' dir='ltr'>sit</span> <span class='ocrx_word' id='word_1_89' title='bbox 618 1430 698 1477; x_wconf 88' lang='lat' dir='ltr'>nostri</span> <span class='ocrx_word' id='word_1_90' title='bbox 717 1431 851 1480; x_wconf 89' lang='lat' dir='ltr'>medicina</span> <span class='ocrx_word' id='word_1_91' title='bbox 869 1431 892 1480; x_wconf 89' lang='lat' dir='ltr'>fu</span> 
     </span>
    </p>

    <p class='ocr_par' dir='ltr' id='par_1_6' title="bbox 177 1518 893 2023">
     <span class='ocr_line' id='line_1_15' title="bbox 478 1518 552 1578; baseline 0 -12"><span class='ocrx_word' id='word_1_92' title='bbox 478 1518 552 1578; x_wconf 90' lang='lat' dir='ltr'>roris,</span> 
     </span>
     <span class='ocr_line' id='line_1_16' title="bbox 178 1606 847 1657; baseline 0.003 -3"><span class='ocrx_word' id='word_1_93' title='bbox 178 1612 223 1654; x_wconf 89' lang='lat' dir='ltr'>aut</span> <span class='ocrx_word' id='word_1_94' title='bbox 236 1606 298 1655; x_wconf 87' lang='lat' dir='ltr'>deus</span> <span class='ocrx_word' id='word_1_95' title='bbox 312 1606 356 1655; x_wconf 85' lang='lat' dir='ltr'>ille</span> <span class='ocrx_word' id='word_1_96' title='bbox 369 1607 444 1655; x_wconf 88' lang='lat' dir='ltr'>malis</span> <span class='ocrx_word' id='word_1_97' title='bbox 458 1607 593 1655; x_wconf 90' lang='lat' dir='ltr'>hominurn</span> <span class='ocrx_word' id='word_1_98' title='bbox 606 1608 739 1656; x_wconf 89' lang='lat' dir='ltr'>mitescere</span> <span class='ocrx_word' id='word_1_99' title='bbox 754 1608 847 1657; x_wconf 85' lang='lat' dir='ltr'>discat.</span> 
     </span>
     <span class='ocr_line' id='line_1_17' title="bbox 177 1695 893 1759; baseline 0 -16"><span class='ocrx_word' id='word_1_100' title='bbox 177 1695 230 1744; x_wconf 90' lang='lat' dir='ltr'>iam</span> <span class='ocrx_word' id='word_1_101' title='bbox 253 1709 337 1759; x_wconf 87' lang='lat' dir='ltr'>neque</span> <span class='ocrx_word' id='word_1_102' title='bbox 360 1695 548 1758; x_wconf 83' lang='lat' dir='ltr'>hamadryades</span> <span class='ocrx_word' id='word_1_103' title='bbox 572 1711 658 1743; x_wconf 90' lang='lat' dir='ltr'>rursus</span> <span class='ocrx_word' id='word_1_104' title='bbox 682 1711 766 1758; x_wconf 88' lang='lat' dir='ltr'>neque</span> <span class='ocrx_word' id='word_1_105' title='bbox 791 1698 893 1745; x_wconf 68' lang='lat' dir='ltr'>carmina</span> 
     </span>
     <span class='ocr_line' id='line_1_18' title="bbox 479 1783 553 1832; baseline 0.027 -2"><span class='ocrx_word' id='word_1_106' title='bbox 479 1783 553 1832; x_wconf 88' lang='lat' dir='ltr'>nobis</span> 
     </span>
     <span class='ocr_line' id='line_1_19' title="bbox 177 1871 796 1935; baseline 0.003 -17"><span class='ocrx_word' id='word_1_107' title='bbox 177 1871 234 1934; x_wconf 90' lang='lat' dir='ltr'>ipsa</span> <span class='ocrx_word' id='word_1_108' title='bbox 246 1873 365 1934; x_wconf 80' lang='lat' dir='ltr'>placent3</span> <span class='ocrx_word' id='word_1_109' title='bbox 379 1872 449 1935; x_wconf 88' lang='lat' dir='ltr'>ipsae</span> <span class='ocrx_word' id='word_1_110' title='bbox 462 1888 549 1920; x_wconf 89' lang='lat' dir='ltr'>rursus</span> <span class='ocrx_word' id='word_1_111' title='bbox 563 1874 696 1921; x_wconf 86' lang='lat' dir='ltr'>concedite</span> <span class='ocrx_word' id='word_1_112' title='bbox 709 1874 796 1922; x_wconf 87' lang='lat' dir='ltr'>silvae.</span> 
     </span>
     <span class='ocr_line' id='line_1_20' title="bbox 178 1960 768 2023; baseline 0.005 -17"><span class='ocrx_word' id='word_1_113' title='bbox 178 1974 229 2006; x_wconf 89' lang='lat' dir='ltr'>non</span> <span class='ocrx_word' id='word_1_114' title='bbox 242 1960 317 2008; x_wconf 94' lang='lat' dir='ltr'>illum</span> <span class='ocrx_word' id='word_1_115' title='bbox 330 1961 409 2009; x_wconf 91' lang='lat' dir='ltr'>nostri</span> <span class='ocrx_word' id='word_1_116' title='bbox 423 1968 533 2023; x_wconf 89' lang='lat' dir='ltr'>possunt</span> <span class='ocrx_word' id='word_1_117' title='bbox 544 1968 643 2010; x_wconf 88' lang='lat' dir='ltr'>mutare</span> <span class='ocrx_word' id='word_1_118' title='bbox 657 1962 768 2020; x_wconf 80' lang='lat' dir='ltr'>labores,</span> 
     </span>
    </p>

    <p class='ocr_par' dir='ltr' id='par_1_7' title="bbox 125 2048 838 2453">
     <span class='ocr_line' id='line_1_21' title="bbox 125 2048 832 2112; baseline 0.006 -16"><span class='ocrx_word' id='word_1_119' title='bbox 125 2053 157 2096; x_wconf 83' lang='lat'>65</span> <span class='ocrx_word' id='word_1_120' title='bbox 178 2062 225 2096; x_wconf 88' lang='lat' dir='ltr'>nec</span> <span class='ocrx_word' id='word_1_121' title='bbox 238 2049 259 2096; x_wconf 90' lang='lat' dir='ltr'>si</span> <span class='ocrx_word' id='word_1_122' title='bbox 272 2048 412 2110; x_wconf 82' lang='lat' dir='ltr'>frigoribus</span> <span class='ocrx_word' id='word_1_123' title='bbox 425 2050 516 2098; x_wconf 91' lang='lat' dir='ltr'>mediis</span> <span class='ocrx_word' id='word_1_124' title='bbox 530 2050 696 2112; x_wconf 87' lang='lat' dir='ltr'>Hebrumque</span> <span class='ocrx_word' id='word_1_125' title='bbox 710 2050 832 2100; x_wconf 88' lang='lat' dir='ltr'>bibamus</span> 
     </span>
     <span class='ocr_line' id='line_1_22' title="bbox 177 2135 838 2201; baseline 0.008 -18"><span class='ocrx_word' id='word_1_126' title='bbox 177 2135 361 2199; x_wconf 85' lang='lat' dir='ltr'>Sithoniasque</span> <span class='ocrx_word' id='word_1_127' title='bbox 374 2138 444 2186; x_wconf 88' lang='lat' dir='ltr'>nives</span> <span class='ocrx_word' id='word_1_128' title='bbox 457 2138 548 2186; x_wconf 89' lang='lat' dir='ltr'>hiemis</span> <span class='ocrx_word' id='word_1_129' title='bbox 561 2139 698 2187; x_wconf 88' lang='lat' dir='ltr'>subeamus</span> <span class='ocrx_word' id='word_1_130' title='bbox 712 2153 838 2201; x_wconf 87' lang='lat' dir='ltr'>aquosae,</span> 
     </span>
     <span class='ocr_line' id='line_1_23' title="bbox 177 2226 812 2287; baseline 0.006 -16"><span class='ocrx_word' id='word_1_131' title='bbox 177 2239 224 2274; x_wconf 90' lang='lat' dir='ltr'>nec</span> <span class='ocrx_word' id='word_1_132' title='bbox 237 2226 268 2284; x_wconf 89' lang='lat' dir='ltr'>si,</span> <span class='ocrx_word' id='word_1_133' title='bbox 284 2241 342 2274; x_wconf 90' lang='lat' dir='ltr'>cum</span> <span class='ocrx_word' id='word_1_134' title='bbox 354 2227 466 2275; x_wconf 90' lang='lat' dir='ltr'>moriens</span> <span class='ocrx_word' id='word_1_135' title='bbox 480 2228 533 2275; x_wconf 90' lang='lat' dir='ltr'>alta</span> <span class='ocrx_word' id='word_1_136' title='bbox 546 2227 610 2275; x_wconf 92' lang='lat' dir='ltr'>liber</span> <span class='ocrx_word' id='word_1_137' title='bbox 623 2233 677 2275; x_wconf 89' lang='lat' dir='ltr'>aret</span> <span class='ocrx_word' id='word_1_138' title='bbox 690 2227 715 2273; x_wconf 91' lang='lat' dir='ltr'>in</span> <span class='ocrx_word' id='word_1_139' title='bbox 729 2228 812 2287; x_wconf 85' lang='lat' dir='ltr'>ulmo,</span> 
     </span>
     <span class='ocr_line' id='line_1_24' title="bbox 176 2313 814 2377; baseline 0.006 -17"><span class='ocrx_word' id='word_1_140' title='bbox 176 2313 335 2377; x_wconf 87' lang='lat' dir='ltr'>Aethiopum</span> <span class='ocrx_word' id='word_1_141' title='bbox 347 2330 475 2364; x_wconf 86' lang='lat' dir='ltr'>versemus</span> <span class='ocrx_word' id='word_1_142' title='bbox 489 2331 547 2364; x_wconf 83' lang='lat' dir='ltr'>oves</span> <span class='ocrx_word' id='word_1_143' title='bbox 561 2316 607 2363; x_wconf 90' lang='lat' dir='ltr'>sub</span> <span class='ocrx_word' id='word_1_144' title='bbox 621 2316 704 2363; x_wconf 89' lang='lat' dir='ltr'>sidere</span> <span class='ocrx_word' id='word_1_145' title='bbox 717 2316 814 2364; x_wconf 61' lang='lat' dir='ltr'>cancri·</span> 
     </span>
     <span class='ocr_line' id='line_1_25' title="bbox 178 2398 837 2453; baseline 0.006 -5"><span class='ocrx_word' id='word_1_146' title='bbox 178 2402 266 2450; x_wconf 89' lang='lat' dir='ltr'>omnia</span> <span class='ocrx_word' id='word_1_147' title='bbox 279 2403 358 2452; x_wconf 90' lang='lat' dir='ltr'>vincit</span> <span class='ocrx_word' id='word_1_148' title='bbox 369 2405 466 2452; x_wconf 88' lang='lat' dir='ltr'>Amor:</span> <span class='ocrx_word' id='word_1_149' title='bbox 488 2411 514 2453; x_wconf 91' lang='lat' dir='ltr'>et</span> <span class='ocrx_word' id='word_1_150' title='bbox 526 2419 573 2452; x_wconf 92' lang='lat' dir='ltr'>nos</span> <span class='ocrx_word' id='word_1_151' title='bbox 587 2405 708 2453; x_wconf 89' lang='lat' dir='ltr'>cedamus</span> <span class='ocrx_word' id='word_1_152' title='bbox 722 2398 837 2453; x_wconf 85' lang='lat' dir='ltr'>Amori.&#39;</span> 
     </span>
    </p>

    <p class='ocr_par' dir='ltr' id='par_1_8' title="bbox 124 2489 893 2557">
     <span class='ocr_line' id='line_1_26' title="bbox 124 2489 893 2557; baseline 0.009 -19"><span class='ocrx_word' id='word_1_153' title='bbox 124 2496 158 2539; x_wconf 83' lang='lat'>70</span> <span class='ocrx_word' id='word_1_154' title='bbox 210 2489 283 2540; x_wconf 86' lang='lat' dir='ltr'>Haec</span> <span class='ocrx_word' id='word_1_155' title='bbox 295 2498 336 2541; x_wconf 87' lang='lat' dir='ltr'>sat</span> <span class='ocrx_word' id='word_1_156' title='bbox 348 2494 410 2553; x_wconf 91' lang='lat' dir='ltr'>erit,</span> <span class='ocrx_word' id='word_1_157' title='bbox 427 2493 513 2553; x_wconf 83' lang='lat' dir='ltr'>divae,</span> <span class='ocrx_word' id='word_1_158' title='bbox 528 2499 639 2541; x_wconf 90' lang='lat' dir='ltr'>vestrum</span> <span class='ocrx_word' id='word_1_159' title='bbox 653 2493 776 2541; x_wconf 90' lang='lat' dir='ltr'>cecinisse</span> <span class='ocrx_word' id='word_1_160' title='bbox 790 2505 893 2557; x_wconf 88' lang='lat' dir='ltr'>poetam</span> 
     </span>
    </p>

    <p class='ocr_par' dir='ltr' id='par_1_9' title="bbox 141 2579 818 2730">
     <span class='ocr_line' id='line_1_27' title="bbox 160 2579 816 2650; baseline -0.003 -24"><span class='ocrx_word' id='word_1_161' title='bbox 160 2579 225 2628; x_wconf 84' lang='lat' dir='ltr'>dum</span> <span class='ocrx_word' id='word_1_162' title='bbox 238 2583 355 2636; x_wconf 82' lang='lat' dir='ltr'>sedetet</span> <span class='ocrx_word' id='word_1_163' title='bbox 367 2585 467 2650; x_wconf 88' lang='lat' dir='ltr'>gracili</span> <span class='ocrx_word' id='word_1_164' title='bbox 481 2584 612 2635; x_wconf 81' lang='lat' dir='ltr'>fiscellam</span> <span class='ocrx_word' id='word_1_165' title='bbox 622 2583 690 2630; x_wconf 74' lang='lat' dir='ltr'>tex&#39;n</span> <span class='ocrx_word' id='word_1_166' title='bbox 699 2580 816 2636; x_wconf 67' lang='lat' dir='ltr'>hibisco,</span> 
     </span>
     <span class='ocr_line' id='line_1_28' title="bbox 141 2664 818 2730; baseline 0.012 -17"><span class='ocrx_word' id='word_1_167' title='bbox 141 2666 291 2724; x_wconf 83' lang='lat' dir='ltr'>Pierides:</span> <span class='ocrx_word' id='word_1_168' title='bbox 310 2692 358 2728; x_wconf 82' lang='lat' dir='ltr'>vos</span> <span class='ocrx_word' id='word_1_169' title='bbox 374 2677 448 2730; x_wconf 88' lang='lat' dir='ltr'>haec</span> <span class='ocrx_word' id='word_1_170' title='bbox 462 2676 575 2728; x_wconf 85' lang='lat' dir='ltr'>facietis</span> <span class='ocrx_word' id='word_1_171' title='bbox 586 2671 711 2723; x_wconf 58' lang='lat' dir='ltr'>maximo</span> <span class='ocrx_word' id='word_1_172' title='bbox 722 2664 818 2722; x_wconf 63' lang='lat' dir='ltr'>Galle,</span> 
     </span>
    </p>
   </div>
   <div class='ocr_carea' id='block_1_3' title="bbox 0 0 912 2956">
    <p class='ocr_par' dir='ltr' id='par_1_10' title="bbox 0 0 912 2956">
     <span class='ocr_line' id='line_1_29' title="bbox 0 0 912 2956; baseline 0 0"><span class='ocrx_word' id='word_1_173' title='bbox 0 0 912 2956; x_wconf 95' lang='lat' dir='ltr'> </span> 
     </span>
    </p>
   </div>
  </div>
 </body>
</html>
