1816 2956
102 178 160 226 1³0
339 185 364 224 Ρ.
382 184 504 223 vuacrm
524 182 654 223 uranius

168 343 311 405 Karthago,
326 341 430 390 ltaliam
443 349 534 390 contra
546 341 720 403 Tiberinaque
733 341 812 403 longe

169 433 244 491 ostia,
259 432 329 480 dives
344 445 422 493 opum
435 430 578 492 studiisque
592 430 732 492 asperrima
745 430 823 478 belli:

118 526 149 570 15
169 535 248 584 quam
260 519 326 568 Iuno
339 519 419 567 fertur
432 519 504 567 terris
517 519 600 580 magis
615 518 734 567 omnibus
747 534 827 567 unam
883 554 885 557 .

169 607 317 672 posthabita
330 607 440 656 coluisse
453 607 548 667 Sam03
569 608 611 656 hic
623 608 694 656 illius
707 622 787 666 arma,

170 698 213 746 hic
226 710 314 746 currus
328 695 384 754 fuit,
399 695 449 744 hoc
462 710 571 757 regnum
584 697 632 744 dea
644 697 763 758 gentibus
778 711 841 756 esse,

171 786 245 849 siqua
258 785 311 832 fata
323 785 417 844 sinant,
432 785 485 832 iam
498 791 552 832 tum
564 786 696 848 tenditque
709 786 837 847 fovetque.

171 874 321 938 progeniem
333 873 377 921 sed
391 873 461 921 enim
472 873 587 920 Troiano
601 890 616 920 a
628 875 754 936 sanguine
768 874 826 922 duci

119 971 152 1013 20
172 964 296 1022 audierat,
311 962 402 1024 Tyrias
416 962 479 1009 olim
492 976 558 1024 quae
573 969 678 1010 verteret
691 978 778 1022 arces;

171 1053 231 1101 hinc
244 1052 371 1114 populum
383 1053 435 1100 late
447 1065 535 1112 regem
547 1050 667 1112 belloque
681 1052 819 1113 superbum

104 1183 105 1186 ,
170 1148 304 1190 venturum
317 1139 418 1188 excidio
431 1139 544 1202 Libyae:
566 1140 603 1187 sic
615 1140 716 1186 volvere
729 1154 830 1201 parcas.

171 1231 197 1278 id
210 1237 327 1279 metuens
340 1229 483 1291 veterisque
495 1243 594 1277 memor
607 1226 729 1276 Saturnia
742 1228 803 1276 belli

171 1319 255 1382 prima
267 1317 337 1380 quod
351 1317 383 1365 ad
396 1317 503 1365 Troiam
515 1332 562 1380 pro
576 1317 641 1365 caris
654 1324 769 1378 gesserat
782 1318 875 1378 Argis:

120 1413 151 1455 25
172 1407 282 1455 necdum
295 1406 372 1454 etiam
386 1421 479 1454 causae
490 1407 587 1454 irarum
600 1404 719 1467 saevique
733 1405 837 1453 dolores

172 1495 321 1544 exciderant
334 1495 437 1554 animo;
458 1503 545 1543 manet
558 1496 612 1542 alta
624 1500 709 1542 mente
722 1501 854 1556 repostum

172 1584 296 1632 iudicium
308 1583 410 1631 Paridis
423 1591 576 1646 spretaeque
589 1584 683 1630 iniuria
696 1583 795 1630 formae

172 1683 197 1722 et
209 1687 291 1734 genus
303 1673 414 1720 invisum
428 1680 453 1721 et
464 1673 530 1735 rapti
545 1671 702 1734 Ganymedis
716 1672 842 1720 honores:

172 1761 212 1808 his
226 1776 334 1810 accensa
346 1776 423 1824 super
435 1762 543 1810 iactatos
557 1776 669 1823 aequore
682 1767 736 1808 toto

120 1855 153 1898 30
173 1850 264 1909 Troas,
280 1851 403 1913 reliquias
416 1850 537 1898 Danaum
551 1856 628 1911 atque
641 1849 737 1896 inmitis
750 1848 859 1901 Achilli,

173 1938 277 1987 arcebat
290 1939 368 2000 longe
380 1938 465 1997 Latio,
481 1939 630 2001 multosque
643 1953 688 2001 per
702 1952 783 1984 annos

174 2027 294 2075 errabant
306 2028 355 2075 acti
369 2029 428 2075 fatis
442 2028 524 2075 maria
537 2028 625 2074 omnia
638 2027 743 2075 circum.

173 2121 260 2163 tantae
272 2116 348 2164 molis
362 2124 417 2165 erat
428 2116 572 2164 Romanam
587 2117 697 2164 condere
710 2122 821 2176 gentem.

208 2203 260 2251 Vix
273 2220 287 2254 e
301 2213 439 2268 conspectu
453 2204 556 2252 Siculae
570 2205 668 2253 telluris
682 2205 707 2251 in
722 2205 802 2252 altum

120 2296 153 2340 35
173 2292 230 2340 vela
243 2292 340 2340 dabant
351 2289 411 2340 laeti
426 2301 451 2342 et
464 2308 566 2356 spumas
580 2295 642 2341 salis
656 2308 715 2341 aere
728 2293 845 2352 ruebant,

173 2396 233 2429 cum
245 2381 319 2439 luno,
337 2388 468 2430 aeternum
481 2397 584 2431 servans
598 2383 644 2430 sub
659 2390 762 2445 pectore
775 2385 877 2443 volnus,

173 2468 237 2518 haec
251 2483 347 2530 secum,
360 2461 444 2518 ‘mone
457 2472 560 2534 incepto
575 2472 695 2520 desistere
708 2472 802 2520 victam

173 2572 220 2606 nec
234 2572 309 2620 posse
321 2557 398 2606 Italia
410 2559 569 2608 Torrcrorum
583 2568 695 2609 avertere
708 2562 813 2622 regern?

173 2646 268 2709 quippe
281 2653 352 2695 vetor
364 2647 432 2706 satis.
458 2647 579 2698 Pallasne
592 2664 698 2698 exurere
713 2651 821 2699 classem
