1816 2956
37 416 48 439 Ι

74 174 135 222 162
309 183 335 223 Ρ.
352 183 475 224 venem
492 183 632 225 Mnnoms·

88 346 120 389 65
140 341 229 405 accipe
240 355 310 389 nuno
321 340 443 390 Danaum
455 341 563 390 insidias
577 350 602 391 et
614 342 724 391 crimine
734 342 765 391 ab
779 358 834 393 uno

140 430 209 478 disce
223 443 321 478 omncs.

138 533 251 589 namque
264 525 292 566 ut
305 517 484 581 conspectum
497 518 583 567 medio
597 519 729 580 turbatus,
748 520 866 581 inermis,

139 607 254 656 constitit
264 614 341 668 atque
349 607 431 655 oeulis
438 606 552 668 Phrygia
560 607 665 668 agmina
673 608 865 672 circumspexit,

136 686 212 755 ‘heu,
232 709 299 758 quse
312 709 381 744 nunc
393 687 479 744 tellus’
491 696 589 758 inquit,
607 687 686 759 ‘quae
698 712 739 746 me
752 712 868 762 aequora

440 791 548 847 possunt

86 876 117 922 to
138 873 271 936 accipere?
295 882 339 923 aut
357 874 419 937 quid
436 875 488 922 iam
504 874 599 923 misero
617 873 680 922 mihi
699 874 811 938 denique
827 890 867 924 re·

437 962 504 1011 stat?

139 1051 179 1099 eui
203 1065 287 1114 neque
311 1052 379 1114 apud
398 1051 505 1099 Danaos
524 1065 635 1114 usquam
654 1051 726 1099 loeus
745 1058 771 1100 et
789 1067 867 1116 super

437 1140 487 1202 ipsi

136 1226 304 1278 Dardanidae
316 1228 410 1277 infensi
423 1243 520 1292 poenas
533 1243 592 1276 cum
603 1222 866 1291 sanguineposcunt.‘

138 1331 189 1379 quo
202 1317 299 1377 gemitu
313 1318 427 1366 conversi
441 1317 529 1376 animi,
546 1330 707 1379 compressus
721 1324 747 1366 et
758 1319 843 1368 omnis

136 1405 254 1467 impetus.
282 1404 416 1454 hortamur
427 1405 541 1469 farique
554 1406 680 1468 sanguine
694 1412 786 1466 ereum,

84 1495 115 1541 75
136 1493 229 1555 quidve
242 1493 323 1554 ierat3
342 1502 467 1543 memoret
479 1509 546 1558 quae
559 1495 592 1542 sit
604 1495 699 1543 fiducia
712 1501 798 1558 capto.

135 1582 180 1630 ille
193 1583 266 1641 haec,
282 1583 400 1646 deposita
412 1584 516 1632 tandem
529 1583 675 1642 formidine,
691 1582 767 1631 fatur.

167 1660 281 1720 ‘Cuncta
293 1671 413 1734 equidem
425 1671 486 1731 tibi,
502 1687 562 1732 rex,
578 1672 655 1721 fuerit
667 1672 861 1737 quodcumque,

435 1761 535 1810 fatebor

134 1840 200 1897 vera'
213 1848 311 1911 inquit3
323 1838 418 1911 ‘neque
428 1864 469 1897 me
475 1848 602 1911 Argolica
613 1850 645 1897 de
656 1857 733 1910 gente
744 1850 861 1912 negabo:

135 1937 185 1986 hoo
196 1937 324 2000 primum3
343 1951 391 1987 nec
404 1938 425 1986 si
438 1938 560 1986 miserum
573 1938 687 1986 Fortuna
700 1936 828 1988 Sinonem

82 2030 114 2073 80
134 2025 217 2085 finxit,
235 2040 329 2074 vanum
342 2026 420 2075 etiam
432 2027 635 2090 mendacemque
648 2027 758 2089 inproba
771 2028 860 2091 finget.

134 2114 213 2162 sendo
227 2114 333 2176 aliquod
347 2114 368 2162 si
381 2114 447 2164 forte
460 2123 516 2164 tuas
529 2116 690 2179 pervenitad
704 2117 772 2164 auris

132 2202 240 2252 Belidae
252 2216 347 2252 nomen
360 2203 506 2252 Palamedis
520 2212 545 2253 et
557 2205 655 2253 incluta
668 2205 738 2253 fama

133 2291 226 2354 gloria,
241 2291 398 2354 quem-salsa
410 2292 456 2340 sub
469 2293 616 2355 proditione
628 2293 732 2356 Pelasgi

132 2380 262 2428 insontem
274 2380 382 2429 infando
395 2381 501 2441 indicio,
517 2382 579 2445 quia
591 2381 660 2431 bella
671 2382 783 2443 vetabat,

81 2473 112 2516 85
133 2469 257 2518 demisere
270 2470 337 2529 neci,
352 2483 422 2519 nunc
435 2485 523 2519 cesum
536 2471 633 2520 lumine
646 2471 752 2533 lugent:

132 2558 172 2606 illi
185 2572 226 2606 me
240 2558 360 2608 comitem
373 2566 398 2608 ct
411 2560 635 2622 consanguinitate
647 2561 804 2623 propincum

128 2660 232 2710 pauper
243 2648 270 2695 in
284 2662 355 2695 arms
367 2655 440 2712 pater
452 2648 544 2712 primis
554 2648 606 2697 ime
617 2647 689 2696 misit
701 2647 733 2696 ab
747 2649 833 2698 annis.
