1816 2956
80 180 141 226 210
317 188 343 227 Ρ.
359 187 482 227 VERGILI
502 185 634 226 MARONIS

148 343 442 406 etPhrygiamAscanio
450 344 623 406 chlamydem,
639 343 875 403 neccedithonori‚

77 438 128 482 485
148 432 332 495 textilibusque
345 440 436 481 onerat
448 432 522 480 donis
536 447 566 480 ao
579 432 643 479 talia
655 432 731 479 fatur.

144 510 245 584 ‘accipe
263 528 289 570 et
310 520 388 581 haec,
414 535 538 569 mannom
556 520 603 568 tibi
626 535 693 582 quae
711 529 879 569 monumenta

449 623 564 658 mearum

147 697 213 758 sint,
241 712 319 760 puer,
348 706 373 749 et
395 699 504 760 longum
526 698 727 746 Andromachae
753 704 878 744 testentur

449 800 573 845 amorem,

147 874 265 936 coniugis
282 873 434 923 Hectoreae.
463 889 527 937 cape
546 875 616 922 dona
629 883 744 922 extrema
761 881 875 934 tuorum,

147 977 163 1010 o
176 963 240 1012 mihi
253 964 311 1011 sola
323 963 373 1013 mei
387 978 465 1026 super
477 964 643 1026 Astyanactis
657 964 753 1024 imago.

79 1055 130 1099 490
150 1052 187 1100 sic
201 1053 300 1112 oculos,
316 1053 353 1101 sic
365 1053 411 1100 ille
423 1067 524 1114 manus,
540 1052 577 1100 sic
590 1067 636 1100 ora
649 1051 761 1110 serebat3

102 1175 104 1178 ψ
148 1148 173 1189 et
185 1155 255 1189 nunc
267 1141 372 1204 aequali
385 1150 470 1189 tecum
482 1139 633 1204 pubesceret
647 1131 729 1187 aevo?

146 1231 194 1278 hos
207 1243 256 1291 ego
270 1229 417 1290 digrediens
430 1229 544 1278 lacrimis
557 1228 666 1276 adfabar
679 1228 785 1275 obortis.

142 1307 228 1366 ‘vivite
241 1317 338 1376 felices,
354 1317 447 1380 quibus
461 1325 499 1366 est
511 1317 616 1365 fortuna
628 1325 733 1379 peracta

145 1406 197 1454 iam
210 1421 273 1466 sua3
293 1421 340 1454 nos
354 1407 407 1454 alia
420 1421 452 1454 ex
465 1407 522 1455 aliie
535 1407 563 1453 in
576 1406 629 1454 fata
640 1421 771 1453 vocamur.

75 1498 125 1542 495
145 1494 217 1543 vobis
230 1502 305 1557 parta
318 1495 405 1557 qnies;
420 1496 522 1543 nullum
534 1495 612 1541 maris
626 1508 724 1556 aequor
736 1495 874 1554 arandum,

145 1597 206 1632 arva
218 1596 302 1645 neque
315 1584 449 1632 Ausoniae
461 1598 562 1646 semper
575 1583 692 1631 cedentia
705 1591 773 1631 retro

145 1673 303 1734 quaerenda.
331 1672 443 1734 effigiem
455 1673 553 1720 Xanthi
567 1672 724 1734 Troiamque
738 1672 838 1731 videtis,

145 1775 223 1823 quarn
235 1768 334 1809 vestrae
347 1761 430 1808 secere
444 1775 544 1819 manus,
560 1760 719 1819 melioribus,
736 1769 807 1823 opto,

144 1849 266 1911 auspiciis
280 1856 305 1897 et
318 1863 384 1911 quae
397 1848 474 1898 fuerit
486 1852 571 1898 minus
585 1852 660 1898 obvia
674 1850 759 1899 Grais.

75 1941 125 1984 500
145 1937 273 2000 siquando
286 1937 412 2000 Thybrim
424 1939 560 2002 vicinaque
573 1940 711 2002 Thybridis
725 1953 786 1986 arva

143 2025 241 2074 intraro
255 2027 378 2088 gentique
391 2041 464 2076 meae
478 2029 539 2076 data
551 2029 656 2076 moenia
669 2043 781 2085 cernam,

144 2121 268 2175 cognatas
281 2114 357 2163 urbes
370 2116 433 2163 olim
446 2118 610 2179 populosque
624 2117 794 2180 propinquos,

144 2201 232 2264 Epiro,
248 2201 381 2265 Hesperia,
398 2205 490 2267 quibus
503 2206 572 2254 idern
584 2206 723 2253 Dardanus
737 2213 829 2253 auctor

144 2298 221 2352 atque
234 2290 302 2339 idem
315 2306 398 2352 casus,
415 2308 493 2341 unam
506 2293 629 2341 faciemus
644 2303 780 2357 utramque

73 2382 123 2426 505
143 2378 250 2426 Troiam
264 2380 373 2441 animis;
394 2390 498 2430 maneat
511 2391 612 2430 nostros
627 2399 657 2431 ea
671 2399 733 2431 cura
745 2376 873 2446 nepotes.'

177 2466 346 2516 Provehimur
359 2471 453 2532 pelago
466 2470 550 2519 vicina
564 2470 694 2520 Ceraunia
706 2472 788 2531 iuxta,

143 2557 211 2604 unde
224 2557 272 2604 iter
284 2557 388 2606 Italiam
401 2573 540 2621 cursusque
554 2560 717 2608 brevissimus
731 2561 817 2609 undis.

133 2645 179 2692 sol
188 2644 244 2692 ruit
254 2644 355 2695 interea
368 2653 394 2695 et
406 2654 506 2696 montes
519 2649 671 2697 umbrantur
684 2650 768 2712 opaci.
790 2650 800 2716 ξ
869 2709 875 2718 ι
