1816 2956
280 176 427 218 AENEIDOS
444 178 533 218 LIBER
551 178 579 218 V·

97 335 222 384 rictorem
234 335 319 384 Buten
332 335 429 383 inmani
444 349 560 397 corpore,
577 335 620 398 qui
635 350 662 384 se

98 424 226 487 Bebrycia
238 425 341 473 veniens
354 424 446 486 Amyci
460 424 492 472 de
505 431 581 485 gente
595 422 702 484 ferebat,

99 514 210 577 perculit
223 521 248 560 et
260 513 330 561 fulva
343 513 526 560 moribundum
540 513 654 562 extendit
667 513 773 562 harena.

47 606 79 654 75
100 602 159 649 talis
173 602 257 664 prima
268 601 352 650 Dares
366 608 443 664 caput
457 603 537 649 altum
550 602 577 648 in
590 603 689 666 proelia
701 603 770 651 tollit

100 690 263 752 ostenditque
276 705 378 738 umeros
391 691 457 737 latos
471 690 620 752 alternaque
633 691 713 740 iactat

100 778 223 828 bracchia
234 780 390 841 protendens
404 785 430 826 et
441 779 557 827 verberat
569 779 661 828 ictibus
676 794 760 828 auras.

100 867 233 931 quaeritur
255 866 316 916 huie
340 868 421 925 alius,
448 882 495 916 nce
519 867 656 930 quisquam
675 882 708 916 ex
728 868 812 930 agmin

404 961 476 1003 tanto

100 1045 179 1094 audet
192 1044 263 1092 adire
276 1045 358 1091 virum
371 1044 542 1107 manibusque
555 1045 677 1094 inducere
690 1053 799 1094 caestus.

47 1140 82 1184 80
100 1149 163 1196 ergo
176 1134 269 1182 alacris
283 1141 440 1195 cunctosque
452 1140 545 1195 putans
559 1135 683 1183 excedere
697 1136 784 1198 palma

99 1224 205 1272 Aeneae
218 1223 288 1271 stetit
301 1229 360 1270 ante
374 1222 451 1284 pedes
466 1236 513 1269 nec
527 1223 602 1284 plura
614 1231 729 1272 moratus

99 1319 156 1360 tum
169 1312 243 1360 laeva
256 1319 358 1360 taurum
372 1324 452 1358 cornu
466 1318 535 1358 tenet
547 1319 624 1374 atque
637 1312 674 1360 ita
686 1313 763 1362 satur.

99 1401 169 1449 ‘aare
183 1401 239 1458 dea,
255 1401 276 1448 si
290 1414 366 1447 nemo
380 1400 458 1448 audet
471 1414 497 1447 se
511 1401 614 1449 credere
627 1416 739 1464 pugnae,
757 1416 760 1422 ·

101 1504 168 1552 quae
181 1489 239 1536 finis
252 1489 355 1537 standi?
375 1502 426 1550 quo
440 1503 480 1536 me
494 1489 567 1537 deret
579 1504 659 1552 usque
672 1490 771 1539 teneri?

66 1583 82 1627 5
102 1579 196 1626 ducere
210 1578 278 1626 dona
291 1569 369 1625 iube.'
396 1578 480 1626 cuncti
494 1577 570 1624 simui
584 1591 628 1625 ore
641 1578 784 1627 fremebant

100 1666 268 1715 Dardanidae
281 1667 406 1728 reddique
418 1667 472 1713 viro
486 1667 613 1729 promissa
625 1666 757 1714 iubebant.

102 1755 144 1804 hic
157 1756 241 1816 graavis
255 1755 385 1802 Entellum
399 1755 474 1802 dietis
488 1756 597 1816 castigat
610 1756 724 1813 Acestes,

101 1845 234 1906 proximus
249 1850 276 1890 ut
287 1843 412 1890 viridante
426 1850 482 1890 toro
496 1844 648 1892 consederat
660 1844 764 1893 herbae.

99 1921 221 1990 ‘Entella
238 1932 344 1979 heroum
358 1932 490 1994 quondam
503 1932 639 1981 fortissime
651 1933 753 1993 frustra,

101 2028 207 2069 tantane
221 2029 273 2068 tam
286 2021 386 2084 patiens
400 2021 474 2068 nullo
488 2021 627 2070 certamine
640 2021 696 2069 tolli

101 2110 172 2157 dona
184 2110 270 2158 sines?
289 2110 332 2157 ubi
347 2125 415 2157 nune
429 2110 503 2157 nobis
518 2111 580 2158 deus
593 2111 638 2159 ille
651 2111 780 2173 magister,

103 2199 259 2262 nequiquam
271 2198 519 2261 memoratusEryx?
532 2198 576 2246 ubi
588 2200 657 2248 sama
670 2213 715 2262 per
728 2214 831 2247 omnem

108 2287 262 2336 trinacriam
276 2295 301 2335 et
313 2287 397 2349 spolia
409 2288 456 2335 illa
469 2287 518 2335 tuis
532 2289 671 2351 pendentia
684 2280 784 2336 teotisi'

114 2377 146 2424 ile
159 2377 205 2424 sub
219 2376 284 2424 haee
293 2366 357 2423 ‘non
372 2377 456 2424 laudis
470 2392 603 2425 amornec
615 2378 701 2440 gloria
713 2378 790 2425 cessit

121 2466 176 2514 uisa
188 2474 267 2522 metu,
283 2464 326 2513 sed
341 2465 409 2512 enim
422 2464 523 2525 gelidus
537 2467 655 2514 tardante
668 2473 771 2514 senecta

128 2555 206 2615 ,riguis
219 2554 296 2602 hebet
309 2554 453 2616 frigentque
467 2554 557 2603 effetae
570 2555 597 2602 in
611 2569 718 2617 corpore
731 2555 804 2603 vires.

136 2643 199 2690 mihi
213 2657 280 2705 quae
293 2644 426 2706 quondam
438 2642 524 2692 iuerat
535 2642 850 2717 quaqneiupropua'xsre
