1816 2956
64 2664 87 2768 i

118 164 178 213 546
461 164 568 207 OULEX.

187 328 266 376 Doris
278 325 461 374 Erichthonius
473 322 611 387 prostravit
622 320 741 370 funditus
755 336 838 371 arces.

190 416 310 473 reddidit,
326 415 385 472 beu,
402 411 496 460 Graius
509 425 606 474 poenas
619 410 675 469 tibi,
691 409 785 469 Troia,
800 409 888 467 ruenti,

188 503 405 566 Hellespontiacis
418 501 534 549 obiturus
548 499 661 549 reddidit
674 498 764 547 undis.

188 594 235 641 illa
247 593 314 640 vices
328 591 464 638 bominum
476 597 569 637 testata
582 595 621 636 est
633 588 711 650 eopia
724 589 868 651 quondam,

118 689 169 732 ³40
189 697 222 731 ne
235 681 373 744 quisquam
386 678 507 742 propriae
520 677 638 724 fortunae
650 689 763 726 munere
776 678 847 726 dives

189 771 238 818 iret
251 770 379 817 ineveetus
392 765 493 816 eaelum
507 780 597 828 super:
619 777 696 812 omne
709 767 860 830 propinquo

190 857 319 919 frangitur
331 855 444 904 invidiae
457 856 509 903 telo
523 855 609 902 decus.
637 853 693 900 ibat
705 852 734 901 in
749 855 834 905 altum

190 946 227 994 vis
240 945 337 1006 Argiva
350 949 439 1006 petens
452 943 562 1006 patriam
576 942 711 1004 ditataque
724 945 827 1006 praeda

191 1035 257 1083 arcis
270 1032 470 1091 Erichthonium,
491 1046 577 1080 eomes
590 1031 650 1078 huic
663 1037 720 1079 erat
736 1046 804 1081 aura
816 1046 890 1081 secun

121 1129 171 1172 ³45
191 1138 237 1186 per
249 1121 381 1185 placidum
395 1136 471 1168 eursu
484 1120 607 1182 pelagus3
627 1118 718 1167 Nereis
733 1120 769 1168 ab
783 1122 855 1170 unda

191 1212 266 1273 signa
278 1209 365 1267 dabat,
380 1222 440 1271 pars
453 1207 554 1256 inflexis
567 1223 644 1270 super
657 1215 718 1256 aeta
731 1210 849 1268 carinis,

193 1315 251 1348 eum
264 1313 308 1347 seu
323 1297 426 1346 caelesti
440 1296 493 1344 fato
506 1311 552 1344 seu
565 1296 654 1344 sideris
669 1304 729 1345 ortu

192 1387 307 1450 undique
320 1393 434 1434 mutatur
446 1385 511 1433 caeli
525 1385 601 1443 nitor,
618 1385 708 1433 omnia
720 1388 818 1448 ventis,

194 1477 282 1525 omnia
295 1475 438 1523 turbinibus
452 1481 511 1522 suut
524 1474 610 1522 anxia.
638 1473 695 1521 iam·
705 1477 790 1524 maris
804 1477 873 1524 unde

123 1572 174 1615 350
194 1566 320 1613 sideribus
334 1571 414 1612 certat
427 1577 591 1623 consurgere,
607 1561 712 1624 iamque
725 1578 844 1628 superne

195 1655 323 1716 corripere
336 1660 361 1701 et
374 1653 441 1700 soles
455 1659 480 1699 et
492 1651 576 1698 sidera
590 1657 684 1698 cuncta
697 1653 818 1702 minatur

195 1759 224 1791 ae
238 1757 311 1790 ruere
324 1742 350 1788 in
365 1749 443 1789 terras
458 1739 522 1788 caeli
537 1738 632 1799 fragor.
661 1738 704 1787 hie
718 1744 804 1792 modo
818 1745 881 1794 laeta

140 1861 142 1865 -
195 1832 270 1894 copia
283 1845 351 1877 nune
364 1829 463 1877 miseris
477 1828 650 1875 circumdatur
664 1829 747 1878 auxia
762 1831 834 1889 satis,

194 1921 381 1980 inmoriturque
394 1932 470 1979 super
483 1916 574 1963 fluetus
588 1924 612 1964 et
624 1930 689 1963 saxa
703 1915 848 1982 Capherei,

124 2015 174 2058 ³55
194 2008 322 2056 Euboicas
337 2013 381 2053 aut
393 2021 438 2068 per
451 2013 537 2052 cautes
550 2005 709 2065 Aegaeaque
723 2006 781 2058 late

194 2097 279 2152 litora,
300 2110 358 2143 eum
371 2094 499 2156 Phrygiae
512 2093 607 2156 passim
620 2105 687 2152 vaga
700 2099 806 2155 praeda
820 2111 890 2163 petru

495 2189 536 2229 tae

195 2270 301 2317 fluctuat
313 2272 396 2318 omnis
410 2272 436 2319 in
451 2285 580 2333 aequoreo
594 2269 731 2332 navifraga
746 2281 842 2324 tractu.

195 2357 237 2406 hie
250 2358 293 2406 aiii
308 2359 395 2405 sidunt
407 2360 501 2421 pariles
514 2359 613 2406 virtutis
631 2358 732 2408 honore

195 2448 285 2495 heroes
300 2447 442 2509 mediisque
455 2448 495 2495 siti
510 2455 570 2495 sunt
582 2446 685 2495 sedibus
700 2463 807 2511 omnes,

125 2540 176 2583 ³60
196 2551 284 2584 ornnes
298 2537 381 2584 Roma
394 2538 470 2584 decus
484 2536 570 2597 magni
585 2549 650 2598 quos
663 2538 779 2599 suspicit
793 2541 869 2590 orbis.

196 2626 237 2674 hic
250 2626 322 2675 Fabii
336 2625 470 2686 Deciique,
487 2624 528 2672 hic
542 2631 580 2672 est
592 2631 617 2672 et
630 2623 741 2674 Horatia
755 2629 847 2688 virtus,
