1816 2956
82 150 141 199 400
319 160 345 199 Ρ.
361 159 484 200 wlturar
503 159 635 201 nitrosus

76 320 130 365 480
149 331 208 366 sera
219 331 291 365 meae
304 317 415 379 requies,
429 316 535 380 potuisti
549 316 666 379 linquere
677 317 774 379 sulam,

150 404 278 454 crudelis?
297 412 383 454 necte
396 405 443 453 sub
456 411 530 452 tents
541 405 657 468 pericula
669 404 780 455 missum

150 491 232 540 adieri
245 500 389 542 extremum
401 494 511 542 miserae
524 493 585 542 deta
598 492 675 556 copie
685 495 781 543 metrii

149 580 209 639 heu,
224 588 292 631 terra
303 582 395 644 ignota
407 581 514 630 canibus
527 581 588 630 data
600 581 698 644 praede
710 581 813 633 Latinis

150 670 305 734 alitibusque
317 671 395 729 iaces,
410 685 458 719 nec
471 677 495 719 te
508 678 552 723 tue
564 670 654 718 funere
666 677 752 721 meter

76 762 129 806 485
149 759 260 822 produxi
273 759 384 822 pressive
397 760 486 808 oculos
499 766 545 807 ant
556 760 663 809 volnere
674 759 737 819 lari,

148 855 217 897 veste
230 856 319 910 tegens
332 848 379 896 tibi
392 863 470 910 quem
482 855 570 896 noctes
583 847 677 897 festine
689 847 800 912 diesque

150 936 292 998 arguebam
304 945 329 985 et
341 937 394 984 tela
407 951 481 984 cures
494 936 599 985 solabar
611 936 703 985 anilis.-

149 1039 202 1088 quo
214 1025 326 1087 sequar?
345 1033 389 1073 sut
402 1039 468 1088 quae
481 1039 550 1073 nunc
563 1008 633 1073 artus
647 1025 791 1089 avolsaque
803 1042 881 1076 mem-

450 1113 497 1161 bra

149 1208 175 1249 et
186 1200 263 1250 funus
277 1203 392 1251 lacemm
404 1203 481 1251 tellus
493 1200 588 1250 habet?
606 1200 657 1250 hoc
667 1201 733 1250 mibi
747 1203 782 1253 de
795 1213 829 1264 tc,

76 1293 130 1337 490
149 1297 218 1348 nate,
234 1290 331 1338 refers?
349 1291 399 1338 hoc
412 1305 470 1338 sum
482 1298 601 1353 terraque
614 1289 731 1352 merique
744 1295 854 1343 secuml

149 1377 219 1440 figite
232 1393 282 1437 me,
297 1379 373 1442 siqua
385 1386 424 1427 est
435 1379 527 1442 pietus,
541 1378 569 1426 in
582 1391 624 1428 me
636 1378 725 1427 omnia
738 1381 794 1431 tela

150 1466 269 1526 conicite,¹
284 1484 300 1516 0
312 1467 410 1526 Rutuli,
426 1482 467 1516 me
480 1468 591 1530 primam
604 1465 731 1516 absumite
745 1467 833 1517 ferro:

149 1562 194 1603 eut
206 1563 242 1615 tu,
258 1571 352 1618 magne
364 1564 438 1618 pater
451 1556 545 1614 divom,
561 1556 690 1613 miserere,
706 1562 808 1621 tuoque

148 1644 259 1692 invisum
271 1645 321 1693 hoc
334 1645 440 1693 detrude
454 1651 531 1706 caput
543 1643 590 1692 sub
604 1643 714 1692 Tartara
726 1646 792 1705 telo,

76 1737 128 1780 495
149 1734 254 1794 quando
268 1733 343 1781 aliter
356 1747 457 1795 nequeo
471 1733 602 1781 crudelem
615 1733 772 1794 abrumpere
784 1728 879 1784 vitum.³

149 1821 198 1870 hoc
211 1822 272 1869 fletu
286 1822 402 1869 concussi
417 1821 505 1880 animi,
521 1828 685 1883 maestusque
699 1836 745 1884 per
759 1826 847 1873 omnis

148 1909 168 1957 it
179 1910 299 1971 gemitus,
316 1917 419 1973 torpent
431 1910 556 1958 infractae
570 1909 602 1957 ad
616 1909 717 1972 proelis
729 1911 809 1961 vires.

148 1998 221 2046 illam
234 1999 414 2047 incendentem
427 2000 511 2046 luctus
524 1998 617 2046 Idaeus
631 2005 656 2045 et
668 1998 751 2045 Actor

147 2086 240 2134 Ilionei
253 2088 353 2135 monitu
366 2095 391 2135 ct
403 2087 514 2134 multum
526 2085 685 2134 lacrimantis
698 2085 750 2135 Iuli

77 2179 128 2221 500
149 2175 291 2237 corripiunt
302 2175 419 2237 interque
433 2189 524 2221 manus
537 2174 584 2222 sub
598 2181 665 2222 tecta
678 2188 820 2237 reponunt.

183 2265 219 2312 At
231 2264 294 2311 tuba
307 2263 446 2312 terribilem
459 2263 572 2310 sonitum
585 2264 675 2325 procul
689 2277 749 2312 ecre
764 2279 864 2314 canoro

148 2352 291 2414 increpuit3
311 2352 427 2414 sequitur
440 2352 539 2399 clamor
552 2351 704 2414 caelumque
717 2357 845 2418 remugit.

144 2440 296 2490 adcelerant
309 2446 366 2490 scta
379 2439 474 2502 pariter
487 2440 615 2488 testudine
628 2439 717 2487 Volsci

133 2541 161 2583 et
173 2533 262 2586 fossas
277 2532 382 2600 inplere
394 2537 493 2598 parant
505 2544 538 2577 ac
548 2529 643 2576 uellere
652 2528 759 2573 mltum*

38 2623 100 2673 ⁶⁰5
123 2623 278 2690 Quaerunt
292 2644 359 2698 pars
377 2625 485 2678 aditum
498 2626 527 2670 et
539 2617 620 2666 scalis
634 2610 841 2659 ascenderemm
