1816 2956
93 163 153 210 272
331 173 357 212 Ρ.
374 173 496 213 VERGILI
516 175 647 215 MARONIS

160 330 268 379 Iliacam
282 331 314 378 ad
328 331 435 380 classem
448 339 588 394 ventosque
602 333 717 394 adspirat
730 334 810 392 eunti,

160 420 242 466 multa
254 435 359 468 movens
372 421 482 469 necdum
500 422 613 469 anticum
631 429 746 471 saturata
760 424 887 472 dolorem.

160 508 216 567 illa,
232 509 299 556 viam
313 510 428 557 celerans
441 525 487 572 per
499 511 570 558 millc
584 511 714 558 coloribus
728 527 827 572 arcum,

91 601 141 644 610
161 597 226 653 nulli
239 597 293 645 visa
306 597 356 645 cito
371 598 482 646 decurrit
495 599 595 646 tramite
609 600 690 661 virgo.

161 687 287 748 conspicit
299 686 430 747 ingentem
444 702 597 735 coneursum
611 695 636 736 et
648 689 725 737 litora
738 690 832 738 lustrat

160 775 327 837 desertosque
339 776 409 824 videt
420 783 509 839 portus
523 778 682 839 classemque
695 779 821 826 relictam.

160 871 187 912 at
198 865 289 927 procul
303 865 329 911 in
342 866 399 912 sola
412 873 524 913 secretae
537 866 652 913 Troades
670 873 728 914 acta

160 953 284 1000 amissum
296 954 429 1002 Anchisen
448 954 543 1002 flebant
557 963 716 1017 cunctaeque
729 955 888 1018 profundum

89 1046 139 1089 615
159 1049 267 1104 pontum
280 1043 466 1105 adspectabant
478 1043 575 1091 flentes.
603 1043 653 1091 heu
668 1051 705 1091 tot
718 1045 784 1092 vada
796 1044 870 1093 fessis

159 1138 184 1180 et
196 1138 296 1179 tantum
309 1146 441 1194 superesse
455 1133 541 1190 maris,
557 1148 607 1180 vox
620 1133 739 1180 omnibus
752 1148 820 1193 una3

158 1220 248 1268 urbem
262 1229 345 1280 orant,
361 1222 446 1270 taedet
459 1222 544 1283 pelagi
558 1222 670 1284 perferre
683 1221 808 1269 laborem.

160 1323 221 1370 ergo
234 1309 301 1357 inter
314 1311 411 1358 medias
425 1324 480 1358 sese
494 1310 562 1359 haud
577 1311 668 1372 ignara
682 1310 792 1358 nocendi

159 1399 255 1447 conicit
268 1407 293 1448 et
304 1399 448 1461 faciemque
462 1400 524 1447 deae
537 1408 683 1461 vestemque
697 1399 807 1461 reponit,

89 1491 139 1534 620
158 1487 187 1535 fit
198 1488 289 1547 Beroe,
305 1489 403 1536 Tmarii
417 1489 531 1535 coniunx
544 1489 671 1549 longaeva
683 1487 800 1549 Dorycli,

160 1576 200 1624 cui
213 1591 295 1638 genus
309 1584 334 1625 et
347 1577 479 1639 quondam
493 1592 586 1624 nomen
601 1577 706 1638 natique
719 1577 837 1636 fuissent,

159 1681 190 1713 ac
203 1665 240 1713 sic
251 1666 433 1713 Dardanidum
446 1667 557 1713 mediam
572 1681 598 1713 se
611 1665 736 1712 matribus
749 1666 836 1713 infert,

155 1743 182 1801 ‘0
196 1754 312 1813 miserae,
329 1769 393 1817 quas
406 1769 458 1801 non
468 1747 568 1802 mauus’
580 1755 665 1816 inquit
677 1755 803 1803 ‘Achaica
817 1756 884 1804 bello

159 1844 265 1890 traxerit
277 1844 310 1890 ad
323 1844 404 1890 letum
417 1844 516 1905 patriae
529 1843 575 1890 sub
589 1844 724 1891 moenibus
735 1844 740 1889 l
763 1859 778 1890 o
791 1859 856 1905 gans

89 1935 137 1978 625
158 1931 262 1990 infelix,
284 1933 324 1981 cui
338 1941 362 1980 te
376 1932 454 1980 exitio
468 1932 583 1979 Fortuna
596 1932 725 1980 reservat?

158 2022 267 2083 septima
279 2028 338 2085 post
350 2022 444 2069 Troiae
458 2022 588 2069 excidium
600 2022 652 2068 inm
665 2021 771 2069 vertitur
784 2030 868 2071 aestas

158 2125 216 2157 cum
229 2111 302 2168 freta,
319 2127 377 2158 cum
390 2118 469 2158 terras
483 2111 575 2168 omnis,
591 2119 629 2157 tot
641 2111 774 2172 inhospita
786 2126 851 2160 saxa

158 2199 293 2261 sideraque
312 2214 431 2247 emensae
450 2200 570 2258 ferimur,
592 2200 652 2245 dum
672 2214 717 2261 per
730 2214 802 2249 mare
815 2215 886 2262 mag-

459 2303 521 2334 unm

158 2375 261 2423 Italiam
274 2376 405 2437 sequimur
418 2376 559 2437 fugientem
573 2384 598 2423 et
610 2376 736 2423 volvimur
750 2378 836 2425 undis.

89 2469 139 2512 630
159 2464 201 2512 hic
214 2464 301 2526 Erycis
315 2464 378 2512 fines
392 2464 496 2513 fraterni
511 2474 587 2527 atque
601 2465 693 2526 hospes
707 2466 831 2513 Acestes:

158 2553 219 2616 quid
233 2552 353 2615 prohibet
364 2568 451 2600 muros
464 2553 548 2601 iacere
561 2560 586 2601 et
599 2554 660 2601 dare
673 2553 770 2601 civibus
778 2554 886 2604 urbem?

148 2656 165 2690 o
175 2643 266 2707 patria
281 2649 307 2692 et
320 2642 389 2709 rapti
402 2641 562 2706 nequiquam
572 2657 606 2690 ex
617 2641 692 2690 hoste
705 2649 825 2705 penates,
