1816 2956
358 203 444 243 cluis.
738 194 796 240 567

76 375 298 422 marmoreamque
311 360 398 409 Paron
417 361 576 422 viridemque
596 359 705 422 adlapsa
715 359 804 421 Dony-

377 463 432 497 sam

75 537 257 599 Aeginamquc
269 537 345 585 simul
359 537 601 600 sementileramque
615 535 761 600 Seriphum.

75 627 156 675 fertur
169 633 195 674 et
206 626 310 674 incertis
323 625 433 674 iactatur
446 627 477 674 ad
492 626 580 673 omnia
592 626 683 684 ventis,

76 715 170 764 cumba
183 714 251 762 velut
263 727 371 776 magnas
384 714 500 777 sequitur
517 730 575 762 cum
588 715 696 777 parvula
709 714 803 762 classes

21 810 56 856 80
75 803 140 852 Afer
152 811 177 851 st
190 802 298 850 hiberno
311 801 452 850 bacchatur
464 803 491 849 in
504 817 617 865 aequore
630 803 714 860 turbo,

77 893 160 941 donec
172 891 224 939 tale
237 891 315 938 decus
328 890 427 940 formae
440 892 556 939 venarier
568 892 636 940 ultra

75 994 129 1028 non
141 980 201 1028 tulit
213 986 239 1028 et
251 980 358 1028 miseros
371 980 478 1027 mutavit
490 980 596 1041 virginis
609 986 679 1028 artus

76 1070 195 1117 cacruleo
208 1068 311 1131 pollens
325 1069 439 1116 coniunx
451 1067 581 1130 Neptunia
593 1081 682 1128 regno.

75 1157 120 1205 sed
134 1164 220 1206 tamen
234 1157 355 1205 eximiam
369 1157 482 1220 squamis
496 1157 587 1204 vestire
601 1155 716 1217 puellam

21 1251 56 1297 ⁸5
77 1245 223 1308 iufidosque
235 1247 302 1294 inter
315 1252 429 1294 teneram
442 1245 601 1293 committere
614 1243 697 1306 pisces

76 1348 130 1381 non
148 1335 238 1382 statuit
257 1334 377 1398 (nimium
396 1340 434 1382 est
452 1333 555 1380 avidum
573 1347 650 1395 pecus
663 1330 805 1394 Amphitri-

379 1421 446 1484 tes);

78 1511 154 1559 aeriis
168 1511 253 1573 potius
267 1510 404 1558 sublimem
417 1510 521 1557 sustulit
533 1510 590 1568 alis,

76 1606 144 1648 esset
156 1600 223 1646 utin
237 1598 309 1646 terris
323 1598 384 1646 facti
397 1598 429 1646 de
442 1599 547 1646 nomine
561 1598 629 1656 ciris,

77 1687 137 1736 ciris
149 1688 291 1749 Amyclaeo
305 1686 443 1733 formosior
456 1700 546 1734 ansere
558 1685 654 1734 Ledae.

21 1783 56 1829 90
76 1776 120 1824 hio
132 1776 202 1824 velut
214 1777 241 1822 in
255 1775 339 1834 niveo,
356 1783 443 1822 tenera
456 1782 494 1822 est
507 1790 565 1822 curn
579 1775 705 1838 primitus,
721 1789 769 1822 ovo

76 1864 173 1926 effigies
188 1864 325 1912 animantis
340 1870 365 1910 st
377 1862 523 1910 internodia
536 1863 656 1910 membris

75 1953 218 2016 inperfecta
231 1967 298 1999 novo
312 1952 413 2000 fluitant
426 1958 546 1999 concreta
559 1951 653 2009 calore,

75 2041 112 2090 sic
126 2041 226 2103 liquido
240 2039 342 2102 Scyllae
355 2039 538 2088 circumfusum
552 2053 663 2102 aequore
677 2053 769 2101 corpus

74 2130 188 2178 semiferi
202 2129 305 2177 incertis
319 2129 396 2176 etiam
409 2142 477 2175 nunc
491 2128 605 2190 partibus
620 2134 689 2174 artus

21 2225 56 2271 95
77 2219 191 2281 undique
204 2217 339 2265 mutabant
351 2224 428 2279 atque
441 2217 555 2279 undique
568 2216 742 2264 mutabantur.

75 2307 127 2355 oris
140 2306 224 2354 honos
238 2305 348 2369 primum
362 2312 387 2354 et
399 2305 485 2353 multis
499 2311 588 2367 optata
601 2304 699 2353 labella

77 2402 102 2445 et
114 2395 219 2458 patulae
231 2394 322 2442 frontis
336 2395 434 2457 specics
448 2407 612 2441 concrescere
624 2393 651 2440 iu
665 2407 745 2441 unum

76 2497 184 2546 coepere
198 2489 223 2530 et
235 2483 326 2544 gracili
339 2491 454 2530 mentum
467 2483 608 2544 producere
622 2488 713 2528 rostro.

75 2579 139 2630 tum,
155 2586 207 2633 qua
220 2571 372 2619 semodium
386 2570 476 2633 capitis
490 2569 627 2618 discrimen
641 2569 742 2629 agebat,

21 2667 56 2713 0⁰
76 2675 136 2710 ecce
148 2668 253 2723 repente
267 2661 336 2708 velut
347 2659 445 2722 patrios
459 2659 572 2706 imitatus
585 2656 697 2705 honores

784 2766 823 2782 .-
