1816 2956
255 205 403 244 nnuutuos
422 205 509 243 1111511
527 206 555 243 v.
743 196 803 244 255

76 378 135 411 cum
149 364 262 411 clamore
276 360 344 424 Gyas
358 361 502 420 revocabat,
519 369 544 409 et
557 376 615 409 ecce
630 360 788 410 Cloanthum

75 451 180 513 respicit
193 452 332 498 instantem
347 458 419 511 tergo
433 458 458 497 et
471 451 593 512 propiore
605 458 744 498 tenentem.

75 541 120 588 ille
133 541 200 588 inter
213 553 356 601 navemque
370 537 441 600 Gyae
454 540 628 601 scopulosque
641 540 757 587 sonantis

29 634 56 678 l0
76 629 145 676 radit
157 629 205 676 iter
219 629 318 676 laevom
331 627 438 675 interior
450 627 587 690 subitoque
600 628 711 690 priorem

75 718 199 782 praeterit
211 724 236 765 ct
248 717 322 764 metis
336 724 405 764 tenet
418 731 531 778 aequora
544 723 599 764 tuta
612 717 715 765 relictis.

77 814 131 854 tum
144 821 203 854 vero
217 806 313 853 exarsit
325 805 409 852 iuveni
424 805 500 852 dolor
513 804 612 852 ossibus
626 805 726 865 ingens,

76 909 124 943 nec
137 895 251 942 lacrimis
265 909 370 942 caruere
382 908 473 955 genae,
490 907 646 955 segnemque
657 894 805 954 Menoeten,

77 983 172 1032 oblitus
187 984 338 1045 decorisque
351 983 390 1029 sui
403 983 555 1045 sociumque
568 983 667 1042 salutis,

29 1076 56 1123 :5
76 1073 104 1120 in
117 1087 187 1120 mure
200 1072 367 1135 praecipitem
381 1072 461 1134 puppi
475 1071 595 1120 deturbat
608 1072 639 1119 ab
653 1073 721 1132 ulta3

76 1163 132 1224 ipse
145 1160 303 1222 gubernaclo
317 1166 400 1208 rector
413 1161 489 1219 subit,
504 1161 560 1223 ipse
573 1162 703 1223 magister,

77 1249 246 1312 hortaturque
259 1250 326 1296 viros
341 1249 492 1312 clavomque
506 1250 537 1297 ad
552 1250 628 1298 litore
641 1257 751 1312 torquet.

77 1346 104 1388 ut
116 1339 209 1400 gravis,
225 1345 253 1384 ut
265 1338 346 1384 fundo
359 1337 402 1384 vix
415 1337 518 1386 tandem
533 1339 646 1386 redditus
660 1340 745 1398 imost,

78 1428 130 1475 iam
143 1427 229 1475 senior
243 1426 399 1488 madidaque
412 1427 493 1474 fluens
505 1427 532 1473 in
545 1434 622 1483 veste,
638 1427 771 1476 Menoetes

29 1522 58 1564 30
78 1531 179 1564 summa
192 1516 255 1578 petit
267 1515 367 1577 scopuli
381 1515 501 1577 siccaque
513 1515 540 1561 in
554 1530 617 1577 rupe
630 1516 732 1563 resedit.

78 1605 152 1653 illum
166 1612 191 1652 et
203 1604 332 1652 labentem
346 1604 438 1652 Teucri
452 1611 477 1652 et
489 1604 566 1652 risere
580 1611 712 1652 notantem

79 1700 104 1741 et
116 1693 198 1741 salsos
211 1693 295 1741 rident
307 1701 480 1741 revomentem
493 1700 596 1755 pectore
609 1692 709 1740 fluctus.

78 1782 120 1830 hic
134 1782 202 1830 laeta
215 1782 335 1830 extremis
349 1796 407 1844 spes
422 1789 460 1830 est
473 1796 582 1829 accenso
595 1780 705 1839 duobus,

78 1869 198 1932 Sergesto
211 1870 404 1932 Mnestheique,
426 1868 500 1932 Gyan
514 1885 635 1932 superare
653 1878 806 1918 morantem.

29 1965 56 2008 35
78 1958 212 2020 Sergestus
225 1959 293 2022 capit
305 1966 363 2006 autc
375 1959 462 2006 locum
473 1959 806 2022 scopuloquepropinquat,

77 2063 125 2096 nec
138 2055 191 2095 totu
205 2054 291 2096 tamen
304 2048 349 2095 ille
361 2047 432 2109 prior
444 2054 582 2110 praeeunte
596 2049 699 2108 curina3

77 2144 150 2199 parte
163 2137 241 2198 prior,
257 2144 356 2199 partem
369 2145 452 2184 rostro
466 2138 559 2199 premit
572 2139 674 2186 aemula
686 2138 786 2186 Pristis.

77 2233 104 2274 at
117 2226 203 2274 media
216 2226 299 2272 socios
312 2225 434 2273 incedens
448 2240 512 2274 nave
525 2241 570 2288 per
583 2227 652 2289 ipsos

77 2314 195 2362 hortatur
207 2313 371 2361 Mnestheus:
391 2303 483 2375 ‘nunc‚
499 2330 568 2363 nunc
581 2316 706 2377 insurgite
719 2317 806 2376 remis,

29 2409 57 2453 to
77 2403 197 2451 Hectorei
211 2403 283 2461 socii,
300 2403 394 2450 Troiae
408 2418 472 2465 quos
488 2412 555 2453 sorte
569 2419 689 2467 suprema

77 2492 161 2552 delegi
176 2492 297 2549 comites;
319 2505 388 2538 nunc
401 2492 459 2540 illas
473 2494 582 2555 promite
595 2495 668 2551 vires,

77 2595 145 2628 1111115
159 2580 259 2627 animos
274 2580 366 2642 quibus
380 2581 406 2627 in
421 2579 537 2631 Gaetulis
551 2581 667 2644 Syrtibus
680 2582 720 2629 usi

75 2671 203 2731 Ionioque
215 2669 280 2716 mari
293 2668 446 2733 Maleaeque
460 2671 622 2736 sequacibus
633 2671 727 2718 undis.
