1816 2956
106 186 166 234 494
345 195 371 235 Ρ.
388 192 509 234 vanem
529 192 660 232 MARONIS

210 354 246 401 At
257 367 317 400 vero
330 351 431 400 Rutulis
444 351 520 414 inpar
533 365 564 398 ea
576 364 664 414 pugna
676 350 757 398 videri

175 441 318 490 iamdudum
331 448 356 488 et
368 441 439 487 vario
452 440 553 487 misceri
567 448 673 502 pectora
685 447 774 498 motu3

175 537 229 576 tum
242 529 333 590 magis,
349 535 378 575 ut
390 528 496 591 propius
509 534 617 576 cernunt
629 541 682 575 non
696 527 794 575 viribus
806 528 899 590 aequis.

175 617 279 666 adiuvat
293 617 394 664 incessu
407 618 486 665 taeito
499 631 649 679 progressus
664 625 689 664 et
702 631 776 664 aram

105 712 156 754 220
176 706 327 770 suppliciter
339 720 463 754 venereus
477 706 588 753 demisso
602 705 699 753 lumine
711 705 820 753 Turnus

176 795 344 857 tabentesque
356 809 438 856 genae
452 801 477 842 et
488 794 601 842 iuvenali
613 794 641 841 in
655 808 764 856 corpore
778 794 874 857 pallor.

173 898 253 947 quem
267 883 342 931 simui
357 899 386 931 ae
399 883 507 931 Iuturna
519 897 592 930 soror
605 882 766 931 crebrescere
779 883 847 930 vidit

176 986 321 1021 sermonem
335 979 360 1020 et
371 973 440 1034 volgi
454 973 552 1020 variare
565 971 681 1020 labantia
694 971 786 1030 eorda,

176 1062 202 1109 in
216 1061 313 1109 medias
327 1061 403 1119 acies,
419 1061 528 1108 somnam
545 1060 700 1108 adsimulata
714 1057 834 1108 Camerti

105 1155 156 1198 225
176 1149 230 1213 (eui
244 1164 325 1211 genus
339 1165 355 1197 a
367 1150 468 1211 proavis
482 1151 573 1210 ingens
587 1149 739 1210 clarumque
753 1155 880 1210 pateruae

176 1252 270 1286 nomen
284 1245 339 1285 erat
351 1238 450 1285 virtutis
463 1238 555 1300 etipse
568 1237 707 1284 sucessimus
721 1237 827 1300 armis),

176 1327 203 1374 in
217 1326 315 1374 medias
329 1326 373 1374 dat
385 1340 440 1374 sese
453 1326 530 1384 teies,
545 1326 614 1373 haud
628 1325 716 1372 nescia
728 1339 829 1384 rerum,

176 1429 343 1476 rumoresque
356 1415 417 1462 serit
429 1415 513 1462 varios
527 1429 557 1462 ne
570 1413 633 1461 talia
647 1413 723 1460 fatur.

173 1493 237 1551 ‘non
251 1503 339 1565 pudet,
355 1518 370 1550 o
383 1503 480 1562 Rutuli,
497 1517 543 1565 pro
558 1502 656 1550 eunetis
669 1501 767 1549 talibus
781 1517 864 1551 unam

107 1598 157 1641 230
178 1592 307 1640 obiectare
320 1591 451 1640 animam?
470 1605 611 1638 numerone
625 1605 658 1637 an
671 1589 769 1637 viribus
784 1592 863 1654 aequi

176 1696 229 1728 non
249 1681 354 1728 sumus?
380 1695 424 1738 en,
448 1695 536 1727 omnes
556 1687 581 1726 et
600 1678 680 1725 Troes
700 1684 725 1726 et
744 1680 865 1728 Arcades
883 1676 900 1725 ii

478 1775 546 1826 sunt,

177 1859 314 1920 fatalisque
328 1873 428 1915 manus,
444 1857 545 1904 infensa
557 1856 660 1903 Etruria
672 1855 775 1904 Turno.

177 1948 219 1993 vix
232 1947 341 2004 hostem,
359 1946 450 1993 alterni
464 1945 484 1992 si
500 1945 705 2005 congrediamur,
722 1943 862 1994 habemus.

177 2035 222 2082 ille
236 2035 340 2096 quidem
355 2036 386 2082 ad
400 2048 516 2096 superos,
532 2049 641 2095 quorum
655 2048 682 2080 se
695 2033 808 2082 devovet
821 2036 880 2092 arie,

108 2130 158 2172 235
179 2125 298 2171 suecedet
311 2124 380 2170 sama
393 2124 514 2185 vivosque
528 2137 631 2183 perora
645 2122 750 2180 teretur,

179 2227 226 2258 nos
240 2213 323 2273 patria
337 2212 431 2257 amissa
444 2211 555 2258 dominis
570 2225 659 2272 parere
672 2212 793 2271 superbis

180 2315 310 2360 cogemur,
327 2299 371 2361 qui
385 2314 453 2346 nunc
467 2300 529 2346 lenti
544 2299 705 2346 consedimus
720 2294 809 2348 arvis.⁸

180 2389 274 2436 talibus
287 2389 392 2435 incensa
406 2395 444 2434 est
457 2388 577 2435 iuvenum
590 2387 718 2434 sententia
733 2389 814 2438 dictis

179 2478 231 2524 iam
245 2477 327 2537 magis
341 2484 418 2537 atque
432 2478 513 2537 magis
526 2477 655 2538 serpitque
669 2490 715 2537 per
725 2480 839 2539 agmina
852 2494 889 2527 mu

482 2580 538 2612 mur
548 2581 554 2624 3

104 2661 159 2706 240
179 2654 228 2722 ipsi
244 2653 386 2704 Laurentes
399 2654 489 2700 mutati
503 2654 603 2716 ipsique
617 2653 714 2701 Latini.
