1816 2956
106 187 167 237 278
344 196 370 236 r.
386 194 509 236 vsaelur
527 193 658 234 ursolus

175 353 257 402 factrus
270 353 369 400 honos:
390 351 487 414 placidi
499 357 642 400 straverunt
655 365 769 414 aequora
782 352 859 411 venti,

175 442 264 491 creber
276 448 301 489 et
313 441 447 503 adspirans
460 455 547 488 rursus
560 448 636 489 vocat
648 447 733 489 auster
746 441 773 488 in
787 442 877 490 altum.

106 535 155 581 765
176 531 290 580 exoritur
302 544 429 592 procurva
441 529 532 590 ingens
546 544 592 592 per
605 530 682 578 litora
692 530 782 589 fletus3

176 619 296 682 conplexi
309 618 376 666 inter
388 633 415 666 se
428 624 582 681 noctemque
595 619 716 681 diemque
728 623 871 666 morantur.

174 709 246 771 ipsae
258 707 311 756 iam
323 715 426 766 matres,
442 707 500 770 ipsi,
517 707 609 771 quibus
624 722 715 769 aspera
728 706 862 770 quondam

174 797 229 845 visa
241 796 319 846 maris
332 795 410 844 facies
424 802 449 844 et
461 811 515 844 non
526 796 661 845 tolerabile
673 810 778 856 nomen,

175 886 213 934 ire
224 885 315 933 volunt
327 900 482 948 omnemque
494 885 571 946 fugae
585 885 696 948 perferre
709 885 836 933 laborem.

106 979 157 1026 770
177 989 241 1039 quos
255 974 337 1022 bonus
350 976 453 1023 Aeneas
467 974 541 1022 dietis
554 974 653 1036 solatur
665 974 755 1022 amieis

176 1071 201 1112 et
214 1063 408 1124 consanguineo
421 1063 561 1111 lacrimans
575 1063 741 1110 commendat
752 1063 873 1111 Acestae.

175 1153 221 1201 tris
233 1152 309 1214 Eryci
321 1152 414 1200 vitulos
429 1159 453 1199 et
465 1151 671 1213 Tempestatibus
685 1165 781 1213 agnam

177 1241 284 1291 caedere
297 1241 389 1288 deinde
402 1240 473 1288 iubet
485 1240 601 1301 solvique
615 1254 646 1287 ex
660 1239 750 1287 ordine
763 1240 861 1288 sunem.

175 1331 239 1394 ipse,
254 1338 332 1392 caput
344 1337 434 1378 tonsae
446 1329 515 1377 soliis
529 1328 642 1376 evinctus
655 1328 746 1387 olivae,

107 1423 156 1470 775
176 1426 246 1466 stans
260 1419 350 1481 procul
363 1419 391 1466 in
404 1433 480 1480 prora
494 1424 608 1480 pateram
615 1422 685 1464 tenet
698 1423 808 1481 extaque
821 1418 902 1466 salsos

176 1507 283 1570 porricit
294 1507 322 1554 in
335 1507 426 1554 fluctus
440 1522 470 1554 ae
483 1507 543 1554 vina
555 1506 681 1568 liquentia
693 1503 786 1553 fundit.

176 1595 340 1660 prosequitur
352 1610 460 1657 surgens
474 1611 488 1642 a
501 1594 581 1657 puppi
594 1601 684 1642 ventus
697 1595 790 1641 euntis.

178 1685 294 1734 certatim
305 1684 369 1732 socii
382 1684 477 1732 feriunt
490 1699 559 1731 mare
573 1690 597 1731 et
609 1697 723 1744 aequora
735 1689 849 1730 verrunt.

213 1775 248 1821 At
260 1773 347 1821 Venus
360 1773 459 1820 interea
471 1773 619 1834 Neptunum
632 1772 744 1819 exercita
758 1771 827 1820 curis
841 1819 846 1828 ,

108 1867 158 1912 780
177 1862 325 1924 adloquitur
338 1861 448 1922 talisque
461 1861 569 1908 effundit
582 1869 685 1922 pectore
700 1867 815 1922 questus.

174 1941 291 1999 ‘lunonis
304 1949 388 2011 gravis
401 1950 440 1996 ira
453 1964 500 1997 nec
514 1949 672 1997 exaturabile
686 1955 774 2010 pectus

178 2046 331 2100 cogentum,
347 2037 473 2100 Neptune,
490 2053 578 2100 preces
592 2037 746 2085 descendere
759 2038 787 2084 in
801 2040 899 2095 omnis3

137 2178 143 2196 ·
178 2144 255 2192 quam
270 2142 316 2177 nee
329 2129 408 2189 longa
421 2128 484 2186 dies,
500 2129 582 2190 pietas
596 2141 643 2174 nee
657 2126 758 2187 mitigat
770 2128 836 2185 ulle,

178 2233 224 2266 nee
237 2217 304 2264 Iovis
316 2217 424 2278 imperio
437 2216 548 2278 fatisque
561 2215 671 2263 infracta
684 2215 801 2276 quiescit.

108 2311 157 2357 785
178 2321 230 2354 non
243 2306 329 2354 media
342 2306 373 2353 de
386 2313 463 2366 gente
475 2305 607 2367 Phrygum
621 2302 737 2352 exedisse
750 2304 871 2352 nefandis

177 2396 267 2444 urbem
292 2394 358 2442 odiis
389 2394 450 2442 satis
482 2400 520 2441 est
553 2408 601 2441 nee
625 2407 736 2455 poenam
762 2402 837 2442 traxe
862 2407 904 2456 per

479 2496 597 2530 omnem:

178 2573 300 2636 reliquias
313 2571 416 2630 Troiae,
433 2572 529 2619 eineres
543 2578 620 2632 atque
634 2584 692 2617 ossa
704 2576 855 2632 peremptae

167 2663 328 2728 insequitur.
370 2675 462 2713 causas
474 2659 541 2710 tanti
553 2658 618 2708 sciet
629 2659 676 2707 illa
689 2658 791 2709 luroris.
