1816 2956
97 399 134 447 56
334 407 360 447 Ρ.
377 405 500 446 vanem
518 403 650 446 Minonis

95 571 146 612 410
166 572 221 613 tum
233 563 346 626 liquidas
359 563 427 611 corvi
440 576 529 625 presso
543 567 582 610 ter
595 567 698 623 gutture
711 575 789 610 voces

166 661 210 700 aut
223 658 313 715 quater
326 651 488 712 ingeminant
500 658 526 698 et
538 664 614 712 saepe
627 648 756 698 cubilibus
770 650 830 698 ultis

126 774 128 779 -
166 741 253 789 nescio
268 755 320 803 qua
332 746 433 802 praeter
446 739 551 786 solitum
565 738 702 786 dulcedine
716 738 778 786 laeti

166 830 233 878 inter
245 843 272 876 se
284 828 311 876 in
324 827 395 874 foliis
408 827 551 888 strepitant,
567 826 638 873 iuvat
649 825 776 874 imbribus
790 826 855 875 actis

166 917 317 981 progeniem
330 929 436 979 parvam
449 915 583 976 dulcisque
595 914 705 962 revisere
718 914 813 972 nidos;

97 1013 146 1054 415
166 1006 235 1054 heud
249 1004 369 1066 equidem
383 1002 469 1061 credo,
485 1002 547 1064 qnia
560 1001 593 1048 sit
606 1000 728 1048 divinitus
741 1001 795 1048 illis

167 1092 300 1154 ingenium
313 1098 455 1139 antrorum
467 1089 522 1137 fato
536 1088 674 1152 prudentia
686 1088 781 1148 maior,

166 1184 254 1230 verum
267 1180 310 1227 ubi
324 1183 461 1240 tempestas
475 1185 499 1225 ct
511 1176 577 1225 caeli
590 1176 695 1224 mobilis
708 1192 785 1225 umor

166 1275 297 1318 mutavere
309 1267 363 1314 vias
376 1274 401 1314 et
413 1266 528 1329 Iuppiter
540 1266 630 1314 uvidus
645 1265 738 1313 sustris

168 1358 257 1406 denset
275 1361 349 1405 erunt
367 1369 433 1416 quae
452 1368 510 1401 rara
528 1354 606 1401 modo
627 1360 653 1402 et
671 1367 738 1415 quse
760 1354 843 1403 densa
861 1369 889 1402 re·

469 1443 549 1501 laxat,

98 1540 149 1581 420
167 1539 300 1581 vertuntur
312 1531 409 1593 species
424 1530 569 1578 animorum
581 1537 607 1578 et
619 1538 726 1592 pectora
741 1538 829 1580 rnotns

166 1634 235 1668 nuuc
249 1620 323 1678 alios,
339 1619 405 1666 alios
418 1619 479 1666 dum
492 1618 583 1667 nubila
595 1627 683 1667 ventus
698 1620 804 1682 agebat,

170 1708 333 1770 concipiunt:
348 1707 409 1754 hine
421 1707 466 1755 ille
479 1707 564 1754 avium
577 1715 717 1756 concentus
731 1709 759 1755 in
773 1711 845 1771 agris

169 1804 194 1844 et
207 1797 289 1844 laetae
303 1795 413 1858 pecudes
427 1802 452 1843 et
465 1803 570 1843 ovantes
582 1802 685 1857 gutture
699 1797 780 1844 corvi.

205 1882 233 1932 Si
245 1899 305 1932 vcro
319 1885 401 1932 solem
414 1884 445 1931 ad
460 1884 579 1946 rapidum
592 1885 720 1947 lunasque
733 1894 871 1950 sequentes

99 1979 149 2019 425
170 1972 259 2020 ordine
272 1973 402 2034 respicies,
418 1986 559 2034 numquam
572 1980 597 2021 te
609 1975 723 2022 crastiua
735 1974 813 2024 fallet

169 2061 235 2109 hora
247 2074 331 2123 nequo
343 2061 444 2108 insidiis
458 2061 540 2108 noctis
555 2062 655 2124 capiere
668 2076 786 2112 serenae.

170 2150 240 2208 luna,
256 2155 410 2196 revertentes
425 2163 482 2196 enm
496 2149 607 2211 primum
621 2149 723 2210 colligit
735 2151 816 2213 ignis,

169 2238 191 2285 si
204 2237 307 2298 nigrum
321 2236 429 2284 obscuro
444 2237 625 2298 conprenderit
638 2252 699 2286 aera
712 2253 805 2300 cornu,

169 2339 306 2372 maxumus
320 2325 440 2385 agricolis
454 2326 599 2388 pelagoque
612 2325 747 2388 parabitur
760 2329 859 2379 imber:

100 2421 151 2461 430
171 2414 230 2461 atsi
243 2413 387 2473 virgineum
400 2413 535 2462 suffuderit
548 2429 592 2462 ore
605 2414 736 2474 ruborem,

169 2508 260 2550 ventus
273 2500 336 2558 erit;
350 2507 425 2548 vento
439 2516 538 2564 semper
552 2502 625 2551 rubet
638 2517 717 2552 aurea
730 2503 847 2559 Phoebe.

171 2590 211 2638 sin
225 2595 283 2636 ortu
297 2594 388 2650 quarto
402 2587 525 2651 (namque
537 2591 559 2638 is
572 2591 730 2640 certissimus
743 2595 850 2659 auctor)

159 2693 232 2739 pura
245 2691 331 2741 neque
345 2675 462 2726 obtunsis
474 2692 519 2742 per
532 2679 635 2727 eaelum
646 2681 769 2731 cornibus
782 2683 842 2745 ibit,

152 2772 226 2815 totus
242 2774 271 2816 et
284 2768 333 2818 ille
349 2768 406 2818 dies
421 2767 510 2833 etqui
520 2773 662 2816 nascentur
676 2767 772 2814 abillo

58 2852 118 2899 435
140 2864 283 2909 exactum
296 2860 335 2912 ad
351 2873 481 2912 mensem
493 2856 592 2925 pluuia
602 2853 744 2915 ventisque
755 2850 889 2898 cumbunt
