1816 2956
307 124 333 164 P.
350 123 472 164 VERGILI
492 120 623 166 MARONIS

138 295 227 329 saeros
240 281 322 328 Amor
334 281 423 330 docuit
435 289 555 329 natorum
567 282 694 343 sanguine
706 289 818 332 matrem

139 370 329 418 commaculare
342 384 448 417 manus:
471 385 546 432 puer,
567 386 583 418 a
594 385 658 433 puer
670 371 799 434 inprobus
812 373 858 430 ilie,

137 458 261 522 inprobus
274 458 318 506 iile
331 472 403 521 puer,
419 459 529 508 crudelis
543 466 569 506 tu
583 474 696 523 quoque,
711 469 806 510 mater.

85 553 117 595 50
172 548 257 610 incipe
269 547 414 594 Maenalios
426 561 536 606 mecum,
552 562 611 596 mea
623 548 696 607 tibia,
712 564 811 598 versus.

137 650 206 684 nunc
218 642 244 684 et
256 636 309 683 ovis
322 637 390 683 uitro
403 636 486 697 fugiat
498 637 583 698 lupus,
599 651 678 685 aurea
691 638 775 687 durae

136 725 207 772 mala
219 724 302 772 serant
315 738 432 787 quercus,
448 725 562 772 narcisso
575 725 665 773 floreat
677 727 765 785 alnus,

137 813 244 875 pinguia
256 812 394 861 corticibus
407 812 500 860 sudent
512 814 606 861 electra
618 814 741 877 myricae,

138 907 235 949 certent
248 908 273 949 ct
285 901 370 963 cycnis
384 901 480 959 ululae,
496 901 529 948 sit
540 901 644 964 Tityrus
659 901 791 965 Orpheus,

87 994 118 1036 55
139 988 258 1052 Orpheus
270 990 297 1037 in
310 988 389 1047 silvis,
404 989 471 1036 inter
484 990 619 1051 delphinus
633 990 725 1038 Arion.
746 1019 749 1023 ·

173 1078 259 1140 incipe
272 1078 415 1126 Maenalios
428 1091 538 1135 mecum,
554 1092 612 1126 men
624 1079 696 1138 tibia,
711 1094 811 1130 versus.

138 1167 225 1215 omnia
237 1168 276 1215 vel
290 1167 403 1214 medium
416 1165 479 1213 fiant
491 1180 570 1214 mare.
597 1167 681 1226 vivite,
697 1168 796 1218 silvae:

138 1357 261 1405 praeceps
275 1343 337 1390 aerii
350 1343 457 1404 specula
469 1343 501 1390 dc
514 1343 609 1390 montis
622 1342 649 1389 in
661 1345 747 1392 undas

84 1435 119 1478 60
139 1430 252 1490 deferam
272 1439 413 1479 extremum
426 1430 476 1478 hoc
489 1445 582 1478 munus
595 1431 729 1480 morientis
742 1433 844 1482 habeto.

138 1520 225 1568 desine
238 1519 390 1577 Maenalios,
406 1519 458 1566 iam
471 1519 568 1577 desine,
584 1519 655 1578 tibia,
671 1514 783 1570 versus.³

174 1608 244 1657 Haec
262 1609 380 1656 Damon:
403 1621 462 1665 vos,
485 1622 552 1670 quae
570 1609 733 1670 responderit
745 1608 860 1674 Alphesi·

404 1725 409 1735 ·
439 1696 527 1754 boens,

139 1785 224 1844 dicite,
239 1785 353 1834 Pierides
365 1800 371 1843 3
392 1798 444 1831 non
458 1784 546 1831 omnia
558 1798 694 1846 possumus
708 1800 811 1836 omnea

170 1863 249 1921 ‘Effer
262 1889 357 1937 aquam
370 1880 395 1921 et
407 1873 479 1921 molli
493 1873 568 1933 cinge
581 1873 644 1920 haec
658 1874 751 1921 altaria
764 1877 836 1934 vitta,

86 1967 117 2009 65
137 1962 312 2024 verbenasque
325 1963 401 2010 adole
414 1961 518 2023 pinguis
532 1968 557 2008 et
569 1962 764 2022 massmanno,

139 2051 256 2112 coniugis
268 2057 298 2097 ut
309 2050 417 2112 magicis
430 2064 507 2097 sanos
521 2055 634 2096 avertere
646 2050 726 2098 sacris
880 2102 886 2131 ,

137 2139 255 2201 experiar
267 2153 372 2197 sensus3
386 2137 451 2185 nihil
465 2137 507 2185 hic
521 2138 570 2185 nisi
584 2138 699 2185 carmina
712 2139 818 2188 desunt.

173 2228 258 2275 ducite
276 2227 308 2274 ab
327 2226 390 2275 urbe
410 2227 530 2284 domum,
552 2240 609 2274 mea
628 2226 759 2285 carmine,
783 2229 862 2278 ducite

437 2313 578 2376 Daphnim.

137 2404 252 2453 cannina
264 2404 303 2452 vel
317 2404 389 2452 caclo
402 2410 511 2465 possunt
524 2403 650 2450 deducere
663 2404 763 2463 lunam,

73 2496 108 2538 70
127 2493 290 2544 carminibus
306 2492 383 2544 Circe
397 2492 485 2542 socios
497 2480 702 2544 metuentium„

110 2581 230 2645 frigidus
245 2587 276 2637 in
289 2588 379 2653 pratis
394 2582 535 2637 contendo
547 2578 680 2640 rumpitur
695 2575 803 2632 anguis.
