<?xml version="1.0" encoding="UTF-8"?>
<!DOCTYPE html PUBLIC "-//W3C//DTD XHTML 1.0 Transitional//EN"
    "http://www.w3.org/TR/xhtml1/DTD/xhtml1-transitional.dtd">
<html xmlns="http://www.w3.org/1999/xhtml" xml:lang="en" lang="en">
 <head>
  <title>
</title>
<meta http-equiv="Content-Type" content="text/html;charset=utf-8" />
  <meta name='ocr-system' content='tesseract 3.04.00' />
  <meta name='ocr-capabilities' content='ocr_page ocr_carea ocr_par ocr_line ocrx_word'/>
</head>
<body>
  <div class='ocr_page' id='page_1' title='image "./pvergiliusmaro01virggoog/pvergiliusmaro01virggoog_0505.png"; bbox 0 0 1816 2956; ppageno 0'>
   <div class='ocr_carea' id='block_1_1' title="bbox 69 165 686 239">
    <p class='ocr_par' dir='ltr' id='par_1_1' title="bbox 69 165 686 239">
     <span class='ocr_line' id='line_1_1' title="bbox 69 165 686 239; baseline 0 -19"><span class='ocrx_word' id='word_1_1' title='bbox 69 165 129 220; x_wconf 76' lang='grc'><strong>486</strong></span> <span class='ocrx_word' id='word_1_2' title='bbox 306 179 333 222; x_wconf 75' lang='lat' dir='ltr'><strong>a.</strong></span> <span class='ocrx_word' id='word_1_3' title='bbox 350 180 472 222; x_wconf 80' lang='lat' dir='ltr'><strong>vanum</strong></span> <span class='ocrx_word' id='word_1_4' title='bbox 492 179 623 221; x_wconf 73' lang='lat' dir='ltr'><strong>nasonis</strong></span> <span class='ocrx_word' id='word_1_5' title='bbox 681 231 686 239; x_wconf 26' lang='grc' dir='ltr'>ι</span> 
     </span>
    </p>
   </div>
   <div class='ocr_carea' id='block_1_2' title="bbox 10 337 908 1447">
    <p class='ocr_par' dir='ltr' id='par_1_2' title="bbox 138 337 796 401">
     <span class='ocr_line' id='line_1_2' title="bbox 138 337 796 401; baseline 0.003 -15"><span class='ocrx_word' id='word_1_6' title='bbox 138 338 224 400; x_wconf 85' lang='lat' dir='ltr'><strong>ignavi</strong></span> <span class='ocrx_word' id='word_1_7' title='bbox 237 337 377 387; x_wconf 82' lang='lat' dir='ltr'>Aeneadae</span> <span class='ocrx_word' id='word_1_8' title='bbox 389 353 438 387; x_wconf 87' lang='lat' dir='ltr'><strong>neo</strong></span> <span class='ocrx_word' id='word_1_9' title='bbox 451 352 517 401; x_wconf 89' lang='lat' dir='ltr'><strong>qnae</strong></span> <span class='ocrx_word' id='word_1_10' title='bbox 530 339 651 400; x_wconf 83' lang='lat' dir='ltr'>pepigere</span> <span class='ocrx_word' id='word_1_11' title='bbox 664 346 796 388; x_wconf 76' lang='lat' dir='ltr'><strong>recusent.</strong></span> 
     </span>
    </p>

    <p class='ocr_par' dir='ltr' id='par_1_3' title="bbox 138 426 838 489">
     <span class='ocr_line' id='line_1_3' title="bbox 138 426 838 489; baseline 0.001 -15"><span class='ocrx_word' id='word_1_12' title='bbox 138 427 300 488; x_wconf 86' lang='lat' dir='ltr'><strong>congredior.</strong></span> <span class='ocrx_word' id='word_1_13' title='bbox 328 426 366 475; x_wconf 87' lang='lat' dir='ltr'><strong>fer</strong></span> <span class='ocrx_word' id='word_1_14' title='bbox 378 442 460 486; x_wconf 85' lang='lat' dir='ltr'><strong>sacra,</strong></span> <span class='ocrx_word' id='word_1_15' title='bbox 475 433 557 489; x_wconf 81' lang='lat' dir='ltr'><strong>pater,</strong></span> <span class='ocrx_word' id='word_1_16' title='bbox 573 433 598 475; x_wconf 90' lang='lat' dir='ltr'><strong>et</strong></span> <span class='ocrx_word' id='word_1_17' title='bbox 611 427 720 488; x_wconf 79' lang='lat' dir='ltr'>concipe</span> <span class='ocrx_word' id='word_1_18' title='bbox 734 426 838 475; x_wconf 82' lang='lat' dir='ltr'><strong>foedus.</strong></span> 
     </span>
    </p>

    <p class='ocr_par' dir='ltr' id='par_1_4' title="bbox 87 495 908 668">
     <span class='ocr_line' id='line_1_4' title="bbox 138 495 908 575; baseline 0.003 -13"><span class='ocrx_word' id='word_1_19' title='bbox 138 521 183 562; x_wconf 90' lang='lat' dir='ltr'><strong>ant</strong></span> <span class='ocrx_word' id='word_1_20' title='bbox 194 514 244 563; x_wconf 84' lang='lat' dir='ltr'><strong>hac</strong></span> <span class='ocrx_word' id='word_1_21' title='bbox 256 513 419 562; x_wconf 87' lang='lat' dir='ltr'><strong>Dardanium</strong></span> <span class='ocrx_word' id='word_1_22' title='bbox 433 515 524 564; x_wconf 86' lang='lat' dir='ltr'><strong>dextra</strong></span> <span class='ocrx_word' id='word_1_23' title='bbox 536 515 582 562; x_wconf 90' lang='lat' dir='ltr'><strong>sub</strong></span> <span class='ocrx_word' id='word_1_24' title='bbox 596 514 707 563; x_wconf 83' lang='lat' dir='ltr'><strong>Tartara</strong></span> <span class='ocrx_word' id='word_1_25' title='bbox 721 515 834 575; x_wconf 76' lang='lat' dir='ltr'><strong>mittam,</strong></span> <span class='ocrx_word' id='word_1_26' title='bbox 907 495 908 556; x_wconf 53' lang='lat' dir='ltr'><strong>i</strong></span> 
     </span>
     <span class='ocr_line' id='line_1_5' title="bbox 87 602 814 668; baseline 0.003 -18"><span class='ocrx_word' id='word_1_27' title='bbox 87 609 117 651; x_wconf 85' lang='grc'><strong>15</strong></span> <span class='ocrx_word' id='word_1_28' title='bbox 138 604 292 652; x_wconf 83' lang='lat' dir='ltr'><strong>desertorem</strong></span> <span class='ocrx_word' id='word_1_29' title='bbox 305 602 384 650; x_wconf 86' lang='lat' dir='ltr'><strong>Asiae</strong></span> <span class='ocrx_word' id='word_1_30' title='bbox 397 602 516 665; x_wconf 82' lang='lat' dir='ltr'><strong>(sedeant</strong></span> <span class='ocrx_word' id='word_1_31' title='bbox 528 610 695 665; x_wconf 80' lang='lat' dir='ltr'><strong>spectentque</strong></span> <span class='ocrx_word' id='word_1_32' title='bbox 708 603 814 668; x_wconf 86' lang='lat' dir='ltr'><strong>Latini)</strong></span> 
     </span>
    </p>

    <p class='ocr_par' dir='ltr' id='par_1_5' title="bbox 137 691 726 751">
     <span class='ocr_line' id='line_1_6' title="bbox 137 691 726 751; baseline -0.002 -11"><span class='ocrx_word' id='word_1_33' title='bbox 137 699 163 740; x_wconf 90' lang='lat' dir='ltr'><strong>et</strong></span> <span class='ocrx_word' id='word_1_34' title='bbox 175 693 245 741; x_wconf 91' lang='lat' dir='ltr'><strong>solus</strong></span> <span class='ocrx_word' id='word_1_35' title='bbox 258 692 325 740; x_wconf 85' lang='lat' dir='ltr'><strong>ferro</strong></span> <span class='ocrx_word' id='word_1_36' title='bbox 339 691 436 738; x_wconf 83' lang='lat' dir='ltr'><strong>crimen</strong></span> <span class='ocrx_word' id='word_1_37' title='bbox 449 705 584 740; x_wconf 87' lang='lat' dir='ltr'><strong>commune</strong></span> <span class='ocrx_word' id='word_1_38' title='bbox 597 692 726 751; x_wconf 80' lang='lat' dir='ltr'><strong>refellam,</strong></span> 
     </span>
    </p>

    <p class='ocr_par' dir='ltr' id='par_1_6' title="bbox 138 773 752 837">
     <span class='ocr_line' id='line_1_7' title="bbox 138 773 752 837; baseline -0.002 -9"><span class='ocrx_word' id='word_1_39' title='bbox 138 787 182 829; x_wconf 88' lang='lat' dir='ltr'><strong>aut</strong></span> <span class='ocrx_word' id='word_1_40' title='bbox 194 781 288 829; x_wconf 88' lang='lat' dir='ltr'><strong>habeat</strong></span> <span class='ocrx_word' id='word_1_41' title='bbox 300 780 389 837; x_wconf 86' lang='lat' dir='ltr'><strong>victos,</strong></span> <span class='ocrx_word' id='word_1_42' title='bbox 406 779 481 827; x_wconf 88' lang='lat' dir='ltr'><strong>cedat</strong></span> <span class='ocrx_word' id='word_1_43' title='bbox 493 779 602 828; x_wconf 83' lang='lat' dir='ltr'><strong>Lavinia</strong></span> <span class='ocrx_word' id='word_1_44' title='bbox 615 773 752 828; x_wconf 58' lang='lat' dir='ltr'><strong>coniunx?</strong></span> 
     </span>
    </p>

    <p class='ocr_par' dir='ltr' id='par_1_7' title="bbox 173 868 696 930">
     <span class='ocr_line' id='line_1_8' title="bbox 173 868 696 930; baseline -0.004 -13"><span class='ocrx_word' id='word_1_45' title='bbox 173 868 226 918; x_wconf 90' lang='lat' dir='ltr'><strong>Olli</strong></span> <span class='ocrx_word' id='word_1_46' title='bbox 240 869 328 917; x_wconf 90' lang='lat' dir='ltr'><strong>sedato</strong></span> <span class='ocrx_word' id='word_1_47' title='bbox 342 868 475 930; x_wconf 85' lang='lat' dir='ltr'><strong>respondit</strong></span> <span class='ocrx_word' id='word_1_48' title='bbox 488 869 565 916; x_wconf 90' lang='lat' dir='ltr'><strong>corde</strong></span> <span class='ocrx_word' id='word_1_49' title='bbox 578 869 696 917; x_wconf 87' lang='lat' dir='ltr'><strong>Latinus.</strong></span> 
     </span>
    </p>

    <p class='ocr_par' dir='ltr' id='par_1_8' title="bbox 10 947 870 1375">
     <span class='ocr_line' id='line_1_9' title="bbox 133 947 831 1020; baseline 0.004 -16"><span class='ocrx_word' id='word_1_50' title='bbox 133 947 160 1005; x_wconf 85' lang='lat' dir='ltr'><strong>‘o</strong></span> <span class='ocrx_word' id='word_1_51' title='bbox 174 965 306 1020; x_wconf 87' lang='lat' dir='ltr'><strong>praestans</strong></span> <span class='ocrx_word' id='word_1_52' title='bbox 321 958 400 1005; x_wconf 86' lang='lat' dir='ltr'><strong>animi</strong></span> <span class='ocrx_word' id='word_1_53' title='bbox 413 957 521 1015; x_wconf 82' lang='lat' dir='ltr'><strong>iuvenis,</strong></span> <span class='ocrx_word' id='word_1_54' title='bbox 537 963 662 1018; x_wconf 89' lang='lat' dir='ltr'><strong>quantum</strong></span> <span class='ocrx_word' id='word_1_55' title='bbox 674 957 733 1019; x_wconf 88' lang='lat' dir='ltr'><strong>ipse</strong></span> <span class='ocrx_word' id='word_1_56' title='bbox 748 958 831 1007; x_wconf 86' lang='lat' dir='ltr'><strong>feroci</strong></span> 
     </span>
     <span class='ocr_line' id='line_1_10' title="bbox 10 1045 798 1110; baseline 0.004 -18"><span class='ocrx_word' id='word_1_57' title='bbox 10 1107 11 1110; x_wconf 8' lang='grc' dir='ltr'><strong>Ἴ</strong></span> <span class='ocrx_word' id='word_1_58' title='bbox 84 1051 117 1092; x_wconf 76' lang='lat'><strong>20</strong></span> <span class='ocrx_word' id='word_1_59' title='bbox 138 1047 228 1094; x_wconf 87' lang='lat' dir='ltr'><strong>virtute</strong></span> <span class='ocrx_word' id='word_1_60' title='bbox 241 1061 375 1109; x_wconf 87' lang='lat' dir='ltr'><strong>exuperas,</strong></span> <span class='ocrx_word' id='word_1_61' title='bbox 391 1054 463 1094; x_wconf 88' lang='lat' dir='ltr'><strong>tanto</strong></span> <span class='ocrx_word' id='word_1_62' title='bbox 476 1060 517 1093; x_wconf 91' lang='lat' dir='ltr'><strong>me</strong></span> <span class='ocrx_word' id='word_1_63' title='bbox 530 1045 662 1107; x_wconf 86' lang='lat' dir='ltr'><strong>inpensius</strong></span> <span class='ocrx_word' id='word_1_64' title='bbox 676 1055 798 1095; x_wconf 80' lang='lat' dir='ltr'><strong>aecumst</strong></span> 
     </span>
     <span class='ocr_line' id='line_1_11' title="bbox 137 1134 868 1196; baseline 0.003 -14"><span class='ocrx_word' id='word_1_65' title='bbox 137 1135 270 1182; x_wconf 89' lang='lat' dir='ltr'><strong>consulere</strong></span> <span class='ocrx_word' id='word_1_66' title='bbox 280 1141 357 1196; x_wconf 91' lang='lat' dir='ltr'><strong>atque</strong></span> <span class='ocrx_word' id='word_1_67' title='bbox 368 1134 450 1181; x_wconf 87' lang='lat' dir='ltr'><strong>omnis</strong></span> <span class='ocrx_word' id='word_1_68' title='bbox 460 1141 614 1183; x_wconf 84' lang='lat' dir='ltr'><strong>metuentem</strong></span> <span class='ocrx_word' id='word_1_69' title='bbox 626 1135 777 1196; x_wconf 84' lang='lat' dir='ltr'><strong>expendere</strong></span> <span class='ocrx_word' id='word_1_70' title='bbox 785 1152 868 1184; x_wconf 87' lang='lat' dir='ltr'><strong>casus.</strong></span> 
     </span>
     <span class='ocr_line' id='line_1_12' title="bbox 136 1221 833 1288; baseline 0.006 -18"><span class='ocrx_word' id='word_1_71' title='bbox 136 1229 196 1270; x_wconf 88' lang='lat' dir='ltr'><strong>sunt</strong></span> <span class='ocrx_word' id='word_1_72' title='bbox 208 1222 253 1270; x_wconf 89' lang='lat' dir='ltr'><strong>tibi</strong></span> <span class='ocrx_word' id='word_1_73' title='bbox 267 1237 347 1283; x_wconf 85' lang='lat' dir='ltr'><strong>regna</strong></span> <span class='ocrx_word' id='word_1_74' title='bbox 360 1222 438 1284; x_wconf 88' lang='lat' dir='ltr'><strong>patris</strong></span> <span class='ocrx_word' id='word_1_75' title='bbox 452 1221 549 1279; x_wconf 90' lang='lat' dir='ltr'><strong>Dauni,</strong></span> <span class='ocrx_word' id='word_1_76' title='bbox 565 1228 625 1268; x_wconf 88' lang='lat' dir='ltr'><strong>sunt</strong></span> <span class='ocrx_word' id='word_1_77' title='bbox 638 1222 738 1284; x_wconf 89' lang='lat' dir='ltr'><strong>oppida</strong></span> <span class='ocrx_word' id='word_1_78' title='bbox 752 1232 833 1288; x_wconf 87' lang='lat' dir='ltr'><strong>capta</strong></span> 
     </span>
     <span class='ocr_line' id='line_1_13' title="bbox 135 1311 870 1375; baseline 0.004 -16"><span class='ocrx_word' id='word_1_79' title='bbox 135 1311 218 1359; x_wconf 86' lang='lat' dir='ltr'><strong>multa</strong></span> <span class='ocrx_word' id='word_1_80' title='bbox 236 1325 315 1358; x_wconf 89' lang='lat' dir='ltr'><strong>manu</strong></span> <span class='ocrx_word' id='word_1_81' title='bbox 333 1325 381 1359; x_wconf 93' lang='lat' dir='ltr'><strong>nec</strong></span> <span class='ocrx_word' id='word_1_82' title='bbox 400 1325 451 1357; x_wconf 92' lang='lat' dir='ltr'><strong>non</strong></span> <span class='ocrx_word' id='word_1_83' title='bbox 472 1323 614 1372; x_wconf 87' lang='lat' dir='ltr'><strong>aurumque</strong></span> <span class='ocrx_word' id='word_1_84' title='bbox 628 1311 788 1375; x_wconf 83' lang='lat' dir='ltr'><strong>animusque</strong></span> <span class='ocrx_word' id='word_1_85' title='bbox 802 1313 870 1362; x_wconf 85' lang='lat' dir='ltr'><strong>Lati·</strong></span> 
     </span>
    </p>

    <p class='ocr_par' dir='ltr' id='par_1_9' title="bbox 436 1406 503 1447">
     <span class='ocr_line' id='line_1_14' title="bbox 436 1406 503 1447; baseline -0.015 -1"><span class='ocrx_word' id='word_1_86' title='bbox 436 1406 503 1447; x_wconf 91' lang='lat' dir='ltr'><strong>nost.</strong></span> 
     </span>
    </p>
   </div>
   <div class='ocr_carea' id='block_1_3' title="bbox 84 1476 869 1904">
    <p class='ocr_par' dir='ltr' id='par_1_10' title="bbox 84 1476 869 1904">
     <span class='ocr_line' id='line_1_15' title="bbox 136 1476 819 1551; baseline 0.007 -18"><span class='ocrx_word' id='word_1_87' title='bbox 136 1494 195 1534; x_wconf 88' lang='lat' dir='ltr'><strong>sunt</strong></span> <span class='ocrx_word' id='word_1_88' title='bbox 208 1488 274 1536; x_wconf 90' lang='lat' dir='ltr'><strong>aliae</strong></span> <span class='ocrx_word' id='word_1_89' title='bbox 287 1488 411 1551; x_wconf 86' lang='lat' dir='ltr'><strong>innuptae</strong></span> <span class='ocrx_word' id='word_1_90' title='bbox 424 1489 499 1536; x_wconf 87' lang='lat' dir='ltr'><strong>Latio</strong></span> <span class='ocrx_word' id='word_1_91' title='bbox 514 1495 539 1536; x_wconf 90' lang='lat' dir='ltr'><strong>et</strong></span> <span class='ocrx_word' id='word_1_92' title='bbox 550 1476 724 1536; x_wconf 83' lang='lat' dir='ltr'><strong>Laurentibus</strong></span> <span class='ocrx_word' id='word_1_93' title='bbox 739 1492 819 1551; x_wconf 52' lang='lat' dir='ltr'><strong>araris,</strong></span> 
     </span>
     <span class='ocr_line' id='line_1_16' title="bbox 84 1577 869 1636; baseline 0.009 -15"><span class='ocrx_word' id='word_1_94' title='bbox 84 1579 115 1621; x_wconf 80' lang='lat'><strong>25</strong></span> <span class='ocrx_word' id='word_1_95' title='bbox 136 1590 184 1623; x_wconf 92' lang='lat' dir='ltr'><strong>nec</strong></span> <span class='ocrx_word' id='word_1_96' title='bbox 203 1590 284 1636; x_wconf 82' lang='lat' dir='ltr'><strong>genus</strong></span> <span class='ocrx_word' id='word_1_97' title='bbox 304 1577 445 1625; x_wconf 84' lang='lat' dir='ltr'><strong>indecores.</strong></span> <span class='ocrx_word' id='word_1_98' title='bbox 474 1577 587 1625; x_wconf 82' lang='lat' dir='ltr'><strong>sinemo</strong></span> <span class='ocrx_word' id='word_1_99' title='bbox 607 1577 671 1624; x_wconf 89' lang='lat' dir='ltr'><strong>hacc</strong></span> <span class='ocrx_word' id='word_1_100' title='bbox 692 1577 764 1626; x_wconf 75' lang='lat' dir='ltr'><strong>barud</strong></span> <span class='ocrx_word' id='word_1_101' title='bbox 780 1581 869 1628; x_wconf 88' lang='lat' dir='ltr'><strong>mollia</strong></span> 
     </span>
     <span class='ocr_line' id='line_1_17' title="bbox 437 1666 490 1713; baseline 0.019 -1"><span class='ocrx_word' id='word_1_102' title='bbox 437 1666 490 1713; x_wconf 85' lang='lat' dir='ltr'><strong>fatu</strong></span> 
     </span>
     <span class='ocr_line' id='line_1_18' title="bbox 137 1752 813 1816; baseline 0.009 -18"><span class='ocrx_word' id='word_1_103' title='bbox 137 1752 243 1800; x_wconf 90' lang='lat' dir='ltr'><strong>sublatis</strong></span> <span class='ocrx_word' id='word_1_104' title='bbox 257 1754 356 1816; x_wconf 87' lang='lat' dir='ltr'><strong>aperire</strong></span> <span class='ocrx_word' id='word_1_105' title='bbox 370 1754 445 1801; x_wconf 90' lang='lat' dir='ltr'><strong>dolis.</strong></span> <span class='ocrx_word' id='word_1_106' title='bbox 467 1754 543 1801; x_wconf 91' lang='lat' dir='ltr'><strong>simul</strong></span> <span class='ocrx_word' id='word_1_107' title='bbox 558 1753 607 1800; x_wconf 90' lang='lat' dir='ltr'><strong>hoc</strong></span> <span class='ocrx_word' id='word_1_108' title='bbox 621 1753 708 1799; x_wconf 88' lang='lat' dir='ltr'><strong>animo</strong></span> <span class='ocrx_word' id='word_1_109' title='bbox 724 1755 813 1815; x_wconf 82' lang='lat' dir='ltr'><strong>hauri,</strong></span> 
     </span>
     <span class='ocr_line' id='line_1_19' title="bbox 136 1842 748 1904; baseline 0.005 -17"><span class='ocrx_word' id='word_1_110' title='bbox 136 1856 177 1888; x_wconf 92' lang='lat' dir='ltr'><strong>mc</strong></span> <span class='ocrx_word' id='word_1_111' title='bbox 190 1848 278 1889; x_wconf 88' lang='lat' dir='ltr'><strong>natam</strong></span> <span class='ocrx_word' id='word_1_112' title='bbox 291 1842 355 1889; x_wconf 90' lang='lat' dir='ltr'><strong>nulli</strong></span> <span class='ocrx_word' id='word_1_113' title='bbox 369 1849 482 1889; x_wconf 88' lang='lat' dir='ltr'><strong>veterum</strong></span> <span class='ocrx_word' id='word_1_114' title='bbox 495 1842 593 1889; x_wconf 88' lang='lat' dir='ltr'><strong>sociare</strong></span> <span class='ocrx_word' id='word_1_115' title='bbox 607 1856 748 1904; x_wconf 86' lang='lat' dir='ltr'><strong>procorum</strong></span> 
     </span>
    </p>
   </div>
   <div class='ocr_carea' id='block_1_4' title="bbox 49 1930 870 2727">
    <p class='ocr_par' dir='ltr' id='par_1_11' title="bbox 82 1930 870 2264">
     <span class='ocr_line' id='line_1_20' title="bbox 136 1930 870 1994; baseline 0.01 -18"><span class='ocrx_word' id='word_1_116' title='bbox 136 1930 174 1976; x_wconf 86' lang='lat' dir='ltr'><strong>fas</strong></span> <span class='ocrx_word' id='word_1_117' title='bbox 194 1937 263 1987; x_wconf 86' lang='lat' dir='ltr'><strong>crat,</strong></span> <span class='ocrx_word' id='word_1_118' title='bbox 285 1930 362 1992; x_wconf 86' lang='lat' dir='ltr'><strong>idque</strong></span> <span class='ocrx_word' id='word_1_119' title='bbox 382 1945 470 1978; x_wconf 90' lang='lat' dir='ltr'><strong>omnes</strong></span> <span class='ocrx_word' id='word_1_120' title='bbox 490 1931 592 1992; x_wconf 88' lang='lat' dir='ltr'><strong>divique</strong></span> <span class='ocrx_word' id='word_1_121' title='bbox 605 1930 781 1994; x_wconf 87' lang='lat' dir='ltr'><strong>hominesque</strong></span> <span class='ocrx_word' id='word_1_122' title='bbox 797 1950 870 1983; x_wconf 76' lang='lat' dir='ltr'><strong>cane</strong></span> 
     </span>
     <span class='ocr_line' id='line_1_21' title="bbox 435 2019 506 2066; baseline 0.014 -1"><span class='ocrx_word' id='word_1_123' title='bbox 435 2019 506 2066; x_wconf 87' lang='lat' dir='ltr'><strong>bant.</strong></span> 
     </span>
     <span class='ocr_line' id='line_1_22' title="bbox 134 2106 751 2170; baseline 0.008 -18"><span class='ocrx_word' id='word_1_124' title='bbox 134 2106 214 2153; x_wconf 88' lang='lat' dir='ltr'><strong>victus</strong></span> <span class='ocrx_word' id='word_1_125' title='bbox 229 2121 316 2154; x_wconf 89' lang='lat' dir='ltr'><strong>amore</strong></span> <span class='ocrx_word' id='word_1_126' title='bbox 329 2107 375 2165; x_wconf 87' lang='lat' dir='ltr'><strong>tui,</strong></span> <span class='ocrx_word' id='word_1_127' title='bbox 392 2114 504 2169; x_wconf 81' lang='lat' dir='ltr'><strong>cognato</strong></span> <span class='ocrx_word' id='word_1_128' title='bbox 518 2109 644 2170; x_wconf 84' lang='lat' dir='ltr'><strong>sanguine</strong></span> <span class='ocrx_word' id='word_1_129' title='bbox 657 2109 751 2167; x_wconf 81' lang='lat' dir='ltr'><strong>victus,</strong></span> 
     </span>
     <span class='ocr_line' id='line_1_23' title="bbox 82 2194 847 2264; baseline 0.008 -23"><span class='ocrx_word' id='word_1_130' title='bbox 82 2200 114 2241; x_wconf 86' lang='lat'><strong>30</strong></span> <span class='ocrx_word' id='word_1_131' title='bbox 135 2194 251 2255; x_wconf 78' lang='lat' dir='ltr'><strong>coniugis</strong></span> <span class='ocrx_word' id='word_1_132' title='bbox 266 2203 290 2242; x_wconf 86' lang='lat' dir='ltr'><strong>et</strong></span> <span class='ocrx_word' id='word_1_133' title='bbox 302 2202 415 2243; x_wconf 88' lang='lat' dir='ltr'><strong>maestae</strong></span> <span class='ocrx_word' id='word_1_134' title='bbox 428 2197 551 2255; x_wconf 83' lang='lat' dir='ltr'><strong>lacrimis,</strong></span> <span class='ocrx_word' id='word_1_135' title='bbox 567 2198 651 2244; x_wconf 88' lang='lat' dir='ltr'><strong>vincla</strong></span> <span class='ocrx_word' id='word_1_136' title='bbox 664 2199 756 2246; x_wconf 88' lang='lat' dir='ltr'><strong>omnia</strong></span> <span class='ocrx_word' id='word_1_137' title='bbox 770 2203 847 2264; x_wconf 84' lang='lat' dir='ltr'><strong>rupi:</strong></span> 
     </span>
    </p>

    <p class='ocr_par' dir='ltr' id='par_1_12' title="bbox 122 2283 801 2624">
     <span class='ocr_line' id='line_1_24' title="bbox 134 2283 800 2349; baseline 0.011 -20"><span class='ocrx_word' id='word_1_138' title='bbox 134 2283 286 2345; x_wconf 84' lang='lat' dir='ltr'><strong>promissam</strong></span> <span class='ocrx_word' id='word_1_139' title='bbox 301 2284 382 2345; x_wconf 89' lang='lat' dir='ltr'><strong>cripui</strong></span> <span class='ocrx_word' id='word_1_140' title='bbox 396 2299 501 2345; x_wconf 83' lang='lat' dir='ltr'><strong>genero,</strong></span> <span class='ocrx_word' id='word_1_141' title='bbox 517 2299 589 2331; x_wconf 88' lang='lat' dir='ltr'><strong>arma</strong></span> <span class='ocrx_word' id='word_1_142' title='bbox 601 2285 673 2346; x_wconf 84' lang='lat' dir='ltr'><strong>inpia</strong></span> <span class='ocrx_word' id='word_1_143' title='bbox 686 2289 800 2349; x_wconf 88' lang='lat' dir='ltr'><strong>sumpsi.</strong></span> 
     </span>
     <span class='ocr_line' id='line_1_25' title="bbox 134 2372 801 2435; baseline 0.006 -16"><span class='ocrx_word' id='word_1_144' title='bbox 134 2386 166 2419; x_wconf 82' lang='lat' dir='ltr'><strong>ex</strong></span> <span class='ocrx_word' id='word_1_145' title='bbox 179 2372 225 2419; x_wconf 89' lang='lat' dir='ltr'><strong>illo</strong></span> <span class='ocrx_word' id='word_1_146' title='bbox 239 2372 282 2433; x_wconf 92' lang='lat' dir='ltr'><strong>qui</strong></span> <span class='ocrx_word' id='word_1_147' title='bbox 296 2387 336 2419; x_wconf 91' lang='lat' dir='ltr'><strong>me</strong></span> <span class='ocrx_word' id='word_1_148' title='bbox 351 2388 434 2431; x_wconf 86' lang='lat' dir='ltr'><strong>casus,</strong></span> <span class='ocrx_word' id='word_1_149' title='bbox 450 2389 524 2435; x_wconf 86' lang='lat' dir='ltr'><strong>quae,</strong></span> <span class='ocrx_word' id='word_1_150' title='bbox 540 2374 636 2431; x_wconf 86' lang='lat' dir='ltr'><strong>Turne,</strong></span> <span class='ocrx_word' id='word_1_151' title='bbox 652 2384 801 2435; x_wconf 84' lang='lat' dir='ltr'><strong>sequantur·</strong></span> 
     </span>
     <span class='ocr_line' id='line_1_26' title="bbox 130 2460 772 2526; baseline -0.002 -14"><span class='ocrx_word' id='word_1_152' title='bbox 130 2460 201 2513; x_wconf 86' lang='lat' dir='ltr'><strong>beiia</strong></span> <span class='ocrx_word' id='word_1_153' title='bbox 215 2461 295 2522; x_wconf 64' lang='lat' dir='ltr'><strong>vides</strong></span> <span class='ocrx_word' id='word_1_154' title='bbox 311 2468 421 2526; x_wconf 77' lang='lat' dir='ltr'><strong>qrrantos</strong></span> <span class='ocrx_word' id='word_1_155' title='bbox 434 2467 531 2525; x_wconf 80' lang='lat' dir='ltr'><strong>primns</strong></span> <span class='ocrx_word' id='word_1_156' title='bbox 545 2463 642 2524; x_wconf 88' lang='lat' dir='ltr'><strong>patiare</strong></span> <span class='ocrx_word' id='word_1_157' title='bbox 657 2462 772 2511; x_wconf 86' lang='lat' dir='ltr'><strong>laboras.</strong></span> 
     </span>
     <span class='ocr_line' id='line_1_27' title="bbox 122 2550 710 2624; baseline -0.005 -16"><span class='ocrx_word' id='word_1_158' title='bbox 122 2557 162 2610; x_wconf 85' lang='lat' dir='ltr'><strong>bis</strong></span> <span class='ocrx_word' id='word_1_159' title='bbox 177 2573 282 2624; x_wconf 81' lang='lat' dir='ltr'><strong>magna</strong></span> <span class='ocrx_word' id='word_1_160' title='bbox 295 2554 359 2607; x_wconf 83' lang='lat' dir='ltr'><strong>victi</strong></span> <span class='ocrx_word' id='word_1_161' title='bbox 373 2569 469 2620; x_wconf 65' lang='lat' dir='ltr'><strong>pugna</strong></span> <span class='ocrx_word' id='word_1_162' title='bbox 480 2552 524 2600; x_wconf 61' lang='lat' dir='ltr'><strong>r&#39;nn</strong></span> <span class='ocrx_word' id='word_1_163' title='bbox 534 2550 600 2598; x_wconf 73' lang='lat' dir='ltr'><strong>urna</strong></span> <span class='ocrx_word' id='word_1_164' title='bbox 611 2560 710 2595; x_wconf 48' lang='lat' dir='ltr'><strong>istm*</strong></span> 
     </span>
    </p>

    <p class='ocr_par' dir='ltr' id='par_1_13' title="bbox 49 2633 803 2727">
     <span class='ocr_line' id='line_1_28' title="bbox 49 2633 803 2727; baseline -0.037 -25"><span class='ocrx_word' id='word_1_165' title='bbox 49 2653 85 2700; x_wconf 84' lang='grc'><strong>35</strong></span> <span class='ocrx_word' id='word_1_166' title='bbox 110 2671 177 2727; x_wconf 84' lang='lat' dir='ltr'><strong>spes</strong></span> <span class='ocrx_word' id='word_1_167' title='bbox 194 2657 296 2717; x_wconf 77' lang='lat' dir='ltr'><strong>Italas,</strong></span> <span class='ocrx_word' id='word_1_168' title='bbox 316 2649 444 2704; x_wconf 68' lang='lat' dir='ltr'><strong>recalent</strong></span> <span class='ocrx_word' id='word_1_169' title='bbox 455 2650 552 2694; x_wconf 81' lang='lat' dir='ltr'><strong>nostro</strong></span> <span class='ocrx_word' id='word_1_170' title='bbox 562 2633 803 2685; x_wconf 61' lang='lat' dir='ltr'><strong>&#39;sisenandum</strong></span> 
     </span>
    </p>
   </div>
   <div class='ocr_carea' id='block_1_5' title="bbox 0 0 912 2956">
    <p class='ocr_par' dir='ltr' id='par_1_14' title="bbox 0 0 912 2956">
     <span class='ocr_line' id='line_1_29' title="bbox 0 0 912 2956; baseline 0 0"><span class='ocrx_word' id='word_1_171' title='bbox 0 0 912 2956; x_wconf 95' lang='lat' dir='ltr'><strong> </strong></span> 
     </span>
    </p>
   </div>
  </div>
 </body>
</html>
