1816 2956
362 176 469 216 CULEX.

39 339 67 381 [θ
87 333 192 381 vulnera
206 333 258 380 tela
271 348 346 381 neces
360 334 431 394 ignes
446 333 538 381 inferre
553 342 665 395 paratos.

88 422 144 484 ipsa
157 421 224 482 iugis
239 437 350 483 natuque
363 423 409 469 Ida
423 429 512 483 patena
527 423 713 478 frondentibus,
729 423 798 484 ipsas

86 510 135 558 Ida
148 510 216 557 iaces
231 510 307 557 altrix
321 509 420 571 cupidis
435 511 573 573 praebebat
586 512 707 569 alumnis,

86 597 171 647 omnis
184 599 250 645 utin
265 599 363 646 cineres
377 598 484 648 Rhoetei
499 599 580 646 litoris
595 615 641 646 ora

86 687 211 736 elassibus
225 687 349 735 ambustis
362 687 465 734 flantrna
478 688 602 748 flagrante
616 690 729 738 daretur.

39 782 66 825 [5
86 776 147 824 hino
161 783 216 824 erat
228 776 362 837 oppositus
376 782 452 823 conto
466 775 633 824 Telamonius
647 777 722 826 heros

86 864 239 925 abiectoque
253 863 331 911 dabat
344 863 428 925 clipeo
442 865 590 923 oerramina,
607 873 632 913 et
644 866 716 914 illino

85 953 182 1000 Hector
195 959 257 1010 erat,
273 951 368 998 Troiae
382 966 510 999 sunrnrum
524 953 609 1011 desua,
625 969 684 1001 acer
697 962 814 1017 uterque,

85 1040 237 1089 fulminibus
251 1040 327 1088 veluti
343 1039 430 1100 fragor
443 1041 525 1087 editus
541 1076 706 1089 ..........

85 1129 189 1192 ignibus
203 1129 244 1176 hie
257 1128 366 1190 telisque
379 1144 461 1191 asper,
479 1128 511 1191 [si
526 1131 650 1178 classibus
664 1131 762 1194 Argos]

39 1224 66 1267 20
85 1218 195 1280 eriperet
207 1217 312 1275 reditus,
329 1218 393 1265 alter
406 1217 534 1266 Vulcania
547 1218 614 1266 ferro

85 1307 192 1354 vulnera
204 1312 333 1368 protectus
348 1306 475 1367 depellere
489 1306 596 1354 navibus
609 1307 697 1355 instat.

84 1395 134 1442 hos
147 1402 203 1443 erat
214 1395 341 1442 Aeacides
355 1396 425 1442 vultu
439 1395 548 1442 lactatus
562 1395 683 1453 honores,

84 1483 286 1545 Dardaniusque
299 1484 365 1531 alter
377 1483 433 1530 fuso
448 1483 515 1544 quod
531 1484 657 1544 sanguine
670 1484 768 1546 campis

85 1570 212 1620 Hectoreo
225 1571 306 1619 victor
319 1572 435 1619 lustravit
448 1585 555 1632 corpore
568 1571 682 1619 Troiam.

39 1665 65 1709 lh
86 1674 172 1707 rursus
186 1660 279 1708 acerba
292 1660 417 1717 fremunt,
439 1660 511 1708 Paris
531 1660 600 1708 hunc
620 1662 688 1723 quod
703 1662 774 1719 letnt,
791 1670 816 1709 et

386 1747 461 1794 huius

86 1836 156 1885 alma
169 1836 236 1885 dolis
246 1837 328 1884 Ithaci
342 1836 421 1883 virtus
435 1838 504 1899 quod
519 1837 632 1885 concidit
645 1837 704 1885 icta.
793 1869 796 1875 -

85 1925 146 1973 huie
159 1925 225 1986 gerit
238 1939 339 1973 aversos
355 1925 440 1986 proles
453 1925 557 1973 Laertia
570 1927 654 1974 vultus

86 2020 111 2061 et
123 2012 175 2061 iam
188 2012 328 2075 Strymonii
342 2012 420 2061 Rhesi
434 2014 565 2076 victorque
577 2015 698 2072 Dolonis,

85 2100 193 2151 Pallade
206 2102 258 2150 iam
272 2102 382 2149 laetatur
395 2116 482 2159 ovans,
499 2116 637 2164 rursusque
651 2101 779 2150 tremescit

39 2195 67 2238 30
86 2189 138 2237 ism
152 2188 263 2238 Ciconas
277 2190 380 2251 iamque
393 2189 480 2236 horret
492 2196 566 2237 atrox
580 2190 755 2252 Laestrygone

84 2277 160 2327 illum
173 2277 261 2341 Scylla
274 2294 355 2341 rapax
369 2277 474 2326 canibus
488 2277 620 2325 succincta
632 2278 753 2326 Molossis

85 2367 268 2430 Aetnaeusque
282 2366 402 2428 Cyclops,
420 2366 495 2413 illurn
507 2366 637 2414 Zanclaea
651 2364 794 2426 Charybdis

85 2456 264 2518 pallentesque
277 2457 349 2504 lacus
363 2463 388 2502 st
400 2454 520 2516 squalida
533 2454 642 2502 Tartara
655 2460 758 2501 torrent.

85 2544 128 2593 hio
140 2552 166 2593 et
178 2543 297 2593 Tantalei
310 2543 411 2604 generis
426 2543 512 2601 decus,
528 2543 628 2604 amplus
642 2541 743 2599 Atrida,

39 2637 64 2683 ts
85 2632 195 2691 adsidet,
210 2632 336 2694 Argivum
350 2632 445 2691 lumen,
462 2647 514 2693 quo
527 2632 631 2679 flamma
644 2637 749 2690 regente

66 2715 190 2772 Vergilius.
612 2713 649 2759 35
799 2754 857 2786 Δ
