1816 2956
99 182 137 229 40
145 182 159 228 6
337 191 363 229 Ρ.
381 190 502 229 VERGILI
522 188 653 228 MARONIS

166 348 233 394 nube
246 347 346 404 sedens,
362 354 439 408 atque
453 347 491 393 his
505 347 627 394 victorem
641 346 743 394 adfatur
756 346 853 394 Iulum.

163 427 258 484 ‘macte
270 450 338 482 nova
350 436 451 493 virtute,
467 449 539 497 puer.
567 435 603 483 sic
616 435 668 482 itur
681 436 713 482 ad
728 442 806 492 astra,

168 524 207 571 dis
219 524 306 585 genite
319 531 344 572 et
356 525 474 585 geniture
487 524 557 572 deos.
586 524 641 571 iure
655 524 742 571 omnia
755 513 827 572 heila

97 617 149 660 640
167 618 244 673 gente
257 612 303 659 sub
318 612 439 661 Assaraci
453 612 506 660 fato
520 619 626 660 ventura
638 613 766 672 resident3

169 715 215 749 neo
229 707 253 749 te
265 701 346 749 Troia
359 693 446 764 capit'
472 701 547 748 simul
562 701 625 749 haec
638 701 730 750 effatus
744 700 776 748 ah
791 703 847 749 alto

169 788 271 838 aethere
284 804 311 838 se
324 789 410 846 mittit,
426 789 547 850 spirantis
561 790 673 837 dimovet
685 804 771 847 auras,

169 878 362 940 Ascaniumque
376 878 446 939 petit.
475 877 585 925 formam
598 884 652 925 turn
666 877 772 925 vertitur
785 879 840 926 oris

169 969 282 1015 anticum
295 967 322 1013 in
335 967 428 1015 Buten.
456 966 498 1014 hic
511 966 645 1014 Dardanio
659 965 791 1015 Anchisae

99 1062 150 1106 645
172 1057 283 1118 armiger
296 1061 355 1102 ante
369 1054 417 1101 fuit
430 1055 546 1116 fidusque
560 1055 592 1102 ad
607 1055 697 1102 limina
710 1062 815 1115 custos3

169 1152 223 1192 tum
243 1145 362 1192 comitem
376 1144 490 1191 Ascanio
510 1150 583 1205 pater
596 1143 704 1190 addidit.
731 1143 787 1191 ibat
800 1146 898 1207 Apollo

170 1234 257 1282 omnia
270 1234 396 1294 longaevo
410 1232 509 1290 similis,
525 1245 665 1294 vocemque
678 1232 849 1295 coloremque

169 1331 195 1371 et
208 1322 284 1370 crinis
298 1320 371 1369 albos
386 1327 411 1368 et
422 1335 498 1368 saeva
511 1320 647 1368 sonoribus
661 1335 741 1378 arma,

171 1418 247 1473 atque
261 1411 300 1457 his
314 1409 446 1456 ardentem
460 1408 533 1455 dictis
548 1408 649 1456 adfatur
661 1409 756 1456 Iulum.

99 1504 149 1547 650
168 1499 210 1546 ‘sit
222 1498 292 1556 satis,
309 1498 419 1555 Aenide,
435 1498 492 1544 telis
506 1498 602 1559 inpune
615 1497 763 1544 Numanum

170 1587 309 1650 oppetiisse
321 1586 386 1633 tuis:
402 1587 511 1647 primam
525 1586 592 1633 hanc
606 1586 651 1632 tibi
665 1600 774 1646 magnus
782 1587 886 1650 Apollo

170 1676 289 1724 concedit
302 1675 405 1724 laudem
419 1681 444 1722 et
456 1674 560 1736 paribus
574 1690 626 1721 non
640 1675 736 1722 invidet
750 1677 847 1723 armis:

171 1771 255 1812 cetero
268 1779 353 1826 parce,
369 1778 441 1826 puer,
458 1757 547 1811 bello.'
572 1764 608 1810 sic
622 1777 693 1810 orsus
707 1763 808 1824 Apollo

170 1853 287 1900 mortalis
301 1853 387 1899 medio
401 1860 518 1913 aspectus
532 1866 650 1898 sermone
664 1851 769 1912 reliquit

101 1947 150 1989 655
172 1948 196 1988 et
209 1940 299 2003 procul
313 1940 340 1986 in
354 1947 456 1988 tenuem
470 1955 502 1987 ex
515 1939 597 1987 oeulis
611 1939 714 1986 evannit
727 1954 830 1988 auram.

172 2030 317 2089 adgnovere
331 2028 407 2076 deum
421 2043 540 2090 proceres
555 2028 691 2089 divinaque
705 2028 758 2075 tela

170 2117 338 2164 Dardanidae
351 2116 550 2178 pharetramque
564 2116 625 2177 fuga
638 2130 739 2163 sensere
753 2126 895 2167 sonantem

172 2221 232 2267 ergo
248 2206 351 2252 avidum
364 2219 467 2266 pugnae
481 2205 555 2252 dietis
569 2221 599 2252 ac
613 2204 716 2251 numine
730 2203 833 2253 Phoebi

171 2294 313 2342 Ascanium
326 2293 478 2355 prohibent;
499 2293 547 2355 ipsi
561 2294 587 2339 in
602 2292 743 2340 certamina
756 2307 848 2342 rursus

100 2389 151 2432 660
171 2383 313 2431 succedunt
326 2382 477 2443 animasque
490 2382 517 2428 in
532 2388 619 2443 operta
632 2380 748 2442 pericula
761 2381 881 2431 mittunt.

167 2473 189 2521 it
201 2473 302 2522 elamor
316 2471 376 2519 totis
389 2484 434 2533 ner
448 2471 644 2532 propugnacula
657 2468 736 2515 muris
747 2485 752 2526 ;

158 2565 311 2616 intendunt
325 2564 395 2614 acris
409 2575 486 2610 arcus
499 2567 679 2616 ammentadue
688 2564 818 2614 mmmm.

151 2661 295 2710 sternitur
311 2671 398 2710 omne
413 2654 507 2703 sotum
517 2648 592 2702 tens,
603 2653 664 2691 mm
673 2646 748 2686 sema
758 2653 892 2696 60110105
