1816 2956
68 167 128 216 55⁶
422 175 508 217 crure.

67 340 116 383 185
136 341 165 382 ut
175 335 264 397 patris,
280 349 296 381 o
309 335 422 392 demens,
438 333 534 381 crinem
548 333 579 381 de
591 333 686 381 vortice
699 336 801 381 sectum

136 423 274 485 furtimque
288 429 381 483 arguto
395 423 531 470 detonsum
544 423 656 469 mitteret
669 422 755 470 hosti:

136 525 248 572 nemque
261 510 326 559 haee
339 511 459 559 condicio
473 510 581 558 miserae
594 511 752 572 proponitur
765 526 831 570 unu3

136 599 188 646 sive
202 599 248 647 ille
261 599 384 660 ignorans
398 597 467 661 (quis
481 613 534 645 non
547 598 631 646 bouus
644 599 736 647 omnia
750 601 823 648 mulir

137 688 240 735 eredere
253 702 331 749 quam
345 687 408 735 tenti
422 687 526 735 sceleris
539 687 663 734 durnnure
677 688 832 752 puellum),

68 781 117 823 190
136 776 187 823 heu
200 783 286 823 tamen
299 775 405 823 infelix:
421 775 483 836 quid
498 774 867 839 eniminprudeutia-prodest?

136 864 198 912 Nise
211 872 292 926 puter,
308 863 348 911 cui
363 864 462 926 direpto
476 863 613 911 crudeliter
626 863 690 911 urbe

135 953 179 1000 vix
192 953 239 1000 orit
252 967 303 999 una
316 966 394 1014 super
406 952 479 1000 sedes
492 952 520 998 in
532 951 645 999 turribus
658 953 719 1000 eltis

136 1040 217 1088 fessus
231 1040 273 1087 ubi
287 1047 404 1088 extructo
417 1040 501 1102 possis
515 1040 648 1088 considero
663 1042 736 1100 nido,

137 1137 164 1176 tu
178 1143 282 1191 quoque
295 1128 347 1175 nus
361 1135 489 1176 metuere:
511 1128 584 1176 dubit
595 1129 641 1176 tibi
655 1130 711 1178 iilia
724 1146 834 1192 poenus.

68 1223 115 1266 195
133 1197 256 1280 *gaudete
272 1232 287 1263 o
301 1217 406 1274 celeres,
421 1216 547 1265 subnixae
560 1217 672 1266 nubibus
686 1219 757 1273 altis,

138 1321 205 1369 quae
218 1320 297 1364 ruere,
314 1319 381 1367 quae
393 1305 487 1353 virides
500 1306 577 1353 silvas
591 1307 716 1369 lucosque
729 1317 854 1357 souuntes

136 1395 258 1452 incolitis,
273 1394 392 1456 gaudere,
407 1408 489 1455 usgue
502 1394 666 1457 blandaeque
679 1397 809 1455 volueres

135 1499 232 1545 uosque
247 1484 321 1541 odeo,
337 1483 444 1530 humani
457 1490 570 1531 mutatae
584 1485 701 1545 eorporis
714 1493 798 1544 artus,

136 1588 180 1620 vos
194 1587 209 1618 ο
224 1573 320 1619 erudeli
335 1573 447 1619 sutorum
461 1573 526 1632 lege,
542 1573 645 1634 puellae

66 1668 117 1709 200
136 1662 288 1720 Dauliades,
303 1661 428 1723 gaudete:
450 1661 518 1707 venit
531 1661 664 1707 carissima
676 1661 760 1718 vobis,

137 1760 261 1812 cognatos
276 1765 372 1811 augens
386 1763 458 1809 roges
472 1764 659 1811 numerumque
672 1764 791 1808 suos-uni,

136 1842 195 1888 ciris
209 1841 301 1903 etipse
314 1847 394 1902 puter.
423 1853 475 1895 vos,
492 1852 506 1884 o
521 1838 695 1899 pulcherrimo
709 1841 847 1899 quoudunr

136 1945 253 1991 corpore,
270 1929 401 1977 caeruleus
415 1927 566 1989 praevenite
579 1926 605 1972 iu
619 1926 726 1973 aethera
740 1929 833 1985 nubes,

136 2033 187 2079 qun
200 2031 280 2063 uovus
295 2018 326 2062 ud
341 2031 461 2078 superum
475 2016 547 2062 sedes
561 2015 703 2063 haliaeetos
717 2023 744 2062 et
759 2033 812 2078 qua

64 2109 114 2151 205
135 2103 246 2150 candidu
260 2118 396 2152 uouoessos
410 2105 551 2153 adscendet
565 2104 622 2151 oiris
636 2104 761 2151 honores.

169 2191 276 2252 Iuruque
290 2193 354 2240 udeo
369 2194 437 2241 dulei
453 2193 583 2240 devinctus
596 2192 696 2239 luminu
709 2208 806 2242 somno

134 2278 210 2325 Nisus
224 2288 278 2327 erat
291 2281 450 2343 vigilumque
464 2282 552 2343 procui
568 2280 686 2328 custodie
699 2282 793 2342 primis

71 2418 73 2423 ,
134 2368 255 2415 excubius
269 2369 366 2415 foribus
380 2370 465 2416 studio
479 2370 591 2417 iactabat
604 2369 685 2426 inani,

134 2471 192 2502 cum
206 2456 293 2504 furtim
307 2459 385 2505 tneito
401 2458 558 2506 descendeus
572 2457 660 2518 Scylla
674 2458 755 2506 cubili

63 2549 113 2590 210
133 2545 236 2591 auribus
251 2547 355 2594 arrectis
369 2555 496 2593 noct-urna
509 2547 612 2594 silentia.
624 2553 733 2608 tenrptut

132 2641 157 2680 et
170 2635 262 2696 pressis
278 2644 380 2683 teuuern
393 2636 549 2696 singultibus
563 2650 623 2683 eoru
636 2643 732 2698 cupiet.
