1816 2956
269 203 438 245 duoudlcou
456 206 544 244 LIBER
560 206 603 245 111.
774 198 827 246 101

106 377 165 410 cum
178 361 240 409 furit
252 369 330 424 etque
343 368 412 409 artus
427 340 660 424 depascitur‘erida
673 362 760 423 febris,

105 450 203 513 profuit
215 450 334 498 incensos
347 457 432 498 aestus
446 459 559 499 avertere
572 459 597 499 et
608 452 675 502 inter

52 544 86 588 60
105 539 159 587 ima
171 538 246 587 ferire
260 539 332 601 pedis
346 540 482 588 salientem
495 540 621 601 sanguiue
634 555 735 598 venam,

104 627 218 676 Bisaltae
232 643 284 690 quo
298 643 370 677 more
383 629 467 677 solent
480 643 589 691 acerque
603 628 727 686 Gelonus,

105 731 165 764 cum
183 717 249 779 fugit
266 717 293 764 in
306 717 452 780 Rhodopen
466 725 543 780 atque
556 719 582 767 in
596 719 697 767 deserte
710 716 833 766 Getarum

105 812 130 853 et
143 805 184 855 lec
196 813 345 854 concretum
358 822 416 855 curn
430 807 556 868 sanguine
569 813 642 869 potat
654 807 759 870 equino.

105 908 184 956 quam
197 896 287 957 procul
302 903 346 943 aut
359 897 432 945 molli
450 896 587 944 succedere
605 895 707 958 saepius
726 893 832 943 umbrae

51 986 84 1030 65
104 982 197 1031 videris
211 991 256 1031 aut
268 999 380 1033 summas
395 991 542 1046 carpentem
555 983 672 1044 ignavius
686 982 779 1031 herbas

105 1077 297 1134 extremamque
314 1074 386 1136 sequi
401 1081 445 1121 aut
458 1073 543 1121 medio
557 1071 725 1135 procumbere
740 1086 831 1134 campo

103 1168 251 1222 pascentem
265 1168 289 1210 et
302 1175 374 1210 serae
387 1162 470 1209 solam
485 1161 607 1209 decedere
620 1161 700 1221 nocti,

104 1249 227 1297 continuo
242 1250 346 1313 culpam
359 1249 426 1298 ferro
440 1261 574 1312 compesce
587 1249 658 1311 prius
672 1264 750 1311 quam

103 1337 160 1386 dira
172 1352 217 1401 per
230 1339 363 1386 incautum
377 1345 481 1400 serpant
494 1338 615 1400 contagia
628 1338 729 1400 volgus.

50 1430 83 1475 70
103 1441 156 1474 non
169 1433 222 1474 tem
235 1426 323 1475 creber
337 1441 415 1488 agens
429 1426 540 1476 hiemem
558 1427 609 1476 ruit
626 1441 737 1489 aequore
756 1425 831 1473 turbo

103 1530 181 1577 quarn
193 1516 292 1564 multae
305 1516 434 1578 pecudum
447 1523 538 1578 pestes.
571 1531 618 1565 nec
631 1515 735 1577 singula
747 1514 830 1562 morbi

103 1617 212 1665 corpora
225 1602 376 1665 corripiunt,
392 1605 435 1654 sed
450 1611 505 1653 tote
517 1605 614 1654 aestiva
626 1611 739 1668 repente,

101 1705 225 1755 spemque
238 1706 395 1755 gregemque
409 1694 486 1741 simul
500 1701 671 1756 cunctamque
684 1692 716 1740 ab
730 1691 830 1753 origine

401 1788 512 1843 gentem.

101 1876 155 1917 tum
168 1870 241 1928 sciat,
258 1870 339 1918 aerias
353 1870 434 1933 Alpes
448 1876 473 1917 et
485 1869 580 1918 Norica
593 1870 673 1933 siquis

49 1962 80 2007 75
102 1959 209 2007 castella
221 1959 247 2007 in
261 1958 367 2006 tumulis
381 1965 406 2006 et
418 1958 521 2021 Iapydis
535 1974 595 2008 srva
608 1959 707 2006 Timavi

100 2059 169 2094 nunc
183 2060 287 2110 quoque
300 2054 358 2108 post
371 2054 443 2095 tanto
457 2047 541 2095 videat
555 2047 707 2111 desertaque
720 2062 800 2108 regna

99 2141 232 2197 pastorum
245 2143 270 2184 et
283 2136 361 2197 longe
374 2137 455 2184 saltus
469 2136 571 2199 lateque
584 2137 707 2185 vacantis.

135 2222 183 2272 Hic
197 2225 329 2287 quondam
343 2224 434 2273 morbo
449 2225 513 2273 caeli
527 2225 673 2274 miseranda
686 2233 800 2274 coortust

100 2317 238 2374 tempestas
250 2320 358 2375 totoque
371 2314 486 2362 autumni
500 2315 635 2362 incanduit
650 2321 721 2363 aestu

49 2405 79 2448 ΒΟ
99 2407 125 2449 et
135 2415 216 2462 genus
228 2416 304 2449 omne
316 2403 373 2450 neci
384 2402 512 2465 pecudum
524 2403 602 2461 dedit,
618 2416 694 2449 omne
705 2401 824 2458 serarum,

99 2489 265 2552 corrupitque
278 2490 358 2548 lacus,
373 2489 462 2539 infecit
475 2490 572 2553 pabula
585 2489 654 2538 tabo.

98 2591 147 2625 nec
159 2577 201 2626 via
213 2578 302 2627 mortis
316 2585 370 2627 erat
382 2578 501 2642 simplex,
517 2579 561 2627 scd
575 2577 619 2625 ubi
632 2577 710 2638 ignea
721 2576 792 2626 venis

99 2665 218 2716 omnibus
233 2673 291 2715 acta
303 2667 357 2718 sitis
370 2668 478 2719 miseros
493 2667 642 2717 adduxerat
654 2673 743 2730 artusq
