1816 2956
39 2590 85 2768 l

97 198 155 246 372
334 206 359 244 P.
378 203 498 243 varrum
517 202 648 242 uauours

166 365 215 411 hoc
228 362 296 410 acies
310 376 411 425 campo,
427 361 531 408 monitis
545 359 665 408 exterrita
679 359 776 407 divom.

96 457 146 500 505
166 453 221 514 ipse
234 457 347 498 oratores
367 451 399 498 ad
413 464 453 498 me
472 449 596 510 regnique
610 462 734 496 coronam

167 555 225 588 cum
238 545 339 600 sceptro
352 539 421 586 misit
434 538 591 600 mandatque
605 537 717 598 insignia
730 537 866 596 Tarchon,

167 628 304 676 succedam
318 627 406 675 castris
420 625 605 687 Tyrrhenaque
618 639 698 686 regna
713 640 859 688 capessam.

167 718 211 766 sed
224 715 287 763 mihi
301 715 375 763 tarda
387 715 448 775 gelu
461 715 605 776 saeclisque
618 713 694 762 effeta
705 723 827 763 senectus

167 805 264 853 invidet
276 804 412 866 imperium
425 816 548 864 seraeque
562 802 595 849 ad
609 802 685 850 fortia
697 802 775 850 vires.

97 901 147 943 510
167 901 256 942 natum
270 892 426 950 exhortarer,
442 891 469 938 ni
482 891 578 939 mixtus
592 897 673 938 matre
686 889 796 939 Sabella

168 983 228 1030 hinc
241 990 340 1044 partem
352 980 450 1043 patriae
463 980 583 1027 traheret.
610 986 646 1037 tu,
663 978 735 1026 cuius
749 987 776 1027 et
789 981 867 1030 aunis

168 1078 193 1121 et
206 1071 293 1133 generi
307 1069 360 1116 fata
372 1068 517 1128 indulgent,
534 1082 611 1130 quem
623 1066 732 1114 numina
744 1079 870 1129 poscunt,

168 1159 318 1222 ingredere,
346 1172 362 1204 0
381 1156 510 1204 Teucrum
536 1162 613 1218 atque
637 1155 733 1203 Italum
758 1156 900 1208 fortissime

469 1244 568 1292 ductor.

169 1335 238 1383 hunc
251 1334 297 1382 tibi
311 1339 452 1396 praeterea,
468 1346 526 1395 spes
540 1338 565 1379 et
577 1331 676 1379 solacia
688 1333 782 1391 nostri,

99 1431 148 1474 515
169 1424 289 1472 Pallanta
302 1422 458 1482 adiungam3
479 1419 525 1467 sub
540 1428 563 1468 te
577 1420 687 1468 tolerare
700 1422 831 1482 magistro

169 1513 288 1561 militiam
302 1519 327 1558 et
338 1524 415 1571 grave
427 1509 517 1557 Martis
531 1524 605 1570 opus,
621 1516 666 1557 tua
679 1523 786 1559 cernere
801 1512 872 1561 sactu

169 1602 313 1658 adsuescat,
329 1598 417 1661 primis
432 1605 456 1645 et
470 1606 493 1646 te
506 1598 612 1646 miretur
625 1597 657 1644 ab
671 1599 754 1646 annis.

169 1690 286 1738 Arcadas
299 1688 360 1735 huic
373 1686 470 1748 equites
484 1685 522 1733 bis
537 1694 647 1744 centum,
662 1686 758 1734 robora
772 1690 854 1751 pubis

169 1779 245 1836 lecta,
262 1776 329 1823 dabo
343 1776 502 1840 totidemque
515 1789 561 1822 suo
576 1774 621 1822 tibi
634 1775 740 1822 nomine
753 1772 869 1828 Pallas.'

100 1874 150 1916 520
204 1867 257 1913 Vix
270 1880 299 1913 ea
313 1864 379 1912 satus
393 1871 455 1921 erat,
471 1863 598 1925 defixique
612 1877 657 1910 ora
670 1863 796 1914 tenebant

170 1955 272 2002 Aeneas
286 1953 457 2001 Anchisiades
471 1959 496 2000 et
509 1952 573 1998 fidus
588 1951 710 2009 Achates,

170 2043 302 2104 multaque
316 2042 379 2089 dura
393 2055 439 2088 suo
453 2040 518 2087 tristi
533 2055 591 2087 cum
605 2040 682 2087 corde
695 2041 836 2103 putabant,

170 2131 197 2178 ni
210 2131 313 2192 signum
327 2130 399 2177 caelo
414 2128 541 2191 Cytherea
555 2129 666 2176 dedisset
680 2136 780 2190 aperto.

170 2233 283 2280 namque
295 2207 426 2281 inproviso
440 2217 552 2265 vibratus
567 2216 598 2264 ab
612 2217 716 2265 aethere
729 2216 822 2279 fulgor

101 2313 150 2356 525
171 2322 229 2356 curn
242 2307 327 2355 sonitu
340 2307 409 2354 venit
422 2313 447 2354 et
459 2320 532 2354 ruere
546 2306 633 2352 omnia
645 2306 699 2353 visa
712 2317 824 2368 repente

170 2396 370 2459 Tyrrhenusque
383 2394 460 2442 tubae
473 2395 572 2455 mugire
585 2408 630 2456 per
643 2394 748 2441 aethera
762 2397 884 2460 claugor.

162 2486 326 2554 suspiciunt:
355 2483 452 2534 iterum
469 2489 546 2546 atque
563 2482 655 2529 iterum
675 2480 763 2543 fragor
785 2485 899 2550 increpat

484 2575 596 2637 ingens,

142 2688 228 2728 arma
242 2677 320 2730 inter
335 2674 447 2726 nubem
462 2666 535 2720 caeli
546 2664 578 2711 in
587 2656 700 2719 reem
711 2665 807 2698 mm
