1816 2956
81 184 119 232 20
319 194 344 231 P.
361 192 482 232 VERGlLl
502 190 633 230 MARONIS

97 355 129 398 55
149 349 314 412 iampridem
328 348 454 398 Stimicon
467 348 582 397 laudavit
595 349 710 396 carmina
723 350 811 398 nobis.

183 454 229 486 un.
252 437 385 487 Candidus
398 437 527 485 insuetum
539 437 647 485 miratur
659 437 738 485 limen
754 437 859 502 Olympi

147 526 194 574 sub
207 526 368 589 pedibusque
381 525 449 573 videt
462 525 542 573 nubes
556 532 581 573 et
594 525 679 573 sidera
690 525 823 588 Daphnis.

148 629 209 676 crgo
223 615 316 663 alacris
329 615 407 662 silvas
420 621 445 662 et
458 621 542 662 cetera
555 628 616 674 rura,
627 610 745 676 voluptas

146 703 271 766 Panaque
284 710 451 765 pastoresque
464 709 534 751 tenet
547 702 709 765 dryadasque
722 705 835 765 puellas.

95 795 127 839 60
147 805 195 839 nec
208 792 283 853 lupus
297 791 403 838 insidias
417 790 507 852 pecori
521 804 568 838 nec
581 791 645 838 retia
658 792 739 839 cervis

147 880 202 927 ulla
215 878 304 927 dolum
316 878 488 937 meditantur,
503 885 573 926 amat
586 879 668 926 bonus
680 879 735 927 otia
744 879 866 944 Daphnis.

147 966 196 1028 ipsi
209 967 307 1015 laetitia
319 981 394 1015 voces
408 967 440 1014 ad
454 967 540 1015 sidera
552 967 650 1015 iactant

149 1055 245 1103 intonsi
258 1062 366 1113 montes,
382 1055 453 1117 ipsae
465 1055 517 1103 iam
531 1055 647 1103 carmina
658 1070 743 1117 rupes,

148 1144 205 1206 ipsa
217 1151 311 1191 sonant
323 1143 442 1190 arbusta:
458 1144 528 1202 deus,
545 1144 607 1192 deus
621 1144 675 1201 ille,
690 1143 822 1193 Menalca.

96 1236 128 1280 65
148 1232 183 1280 sis
196 1232 279 1280 bouus
292 1247 308 1279 o
322 1232 436 1293 felixque
449 1232 512 1281 tuisl
534 1247 565 1280 en
579 1239 700 1295 quattuor
713 1247 789 1280 aras:

148 1335 208 1369 ecce
221 1322 284 1368 duas
298 1319 353 1378 tibi,
368 1319 484 1386 Daphni,
500 1320 563 1367 dues
577 1321 669 1368 altaria
681 1320 801 1368 Phoebo.

148 1409 243 1470 pocula
255 1407 317 1455 bina
328 1423 395 1456 novo
408 1409 554 1470 spumantia
567 1410 634 1457 lacte
647 1416 711 1471 quot
725 1410 803 1458 annis

148 1503 311 1559 craterasque
324 1497 389 1544 duos
402 1503 513 1545 statuam
527 1498 572 1545 tibi
585 1497 688 1560 pinguis
702 1497 774 1555 olivi,

148 1591 173 1633 et
184 1586 266 1633 multo
279 1586 306 1632 in
319 1585 408 1647 primis
422 1585 535 1633 hilarans
550 1585 666 1634 convivia
678 1585 796 1645 Baccho,

97 1676 129 1721 70
148 1673 315 1732 cumfusum,
331 1674 352 1721 si
365 1674 446 1734 frigus
460 1674 515 1732 erit,
531 1674 551 1722 si
565 1674 663 1732 messis,
679 1674 706 1720 in
721 1675 823 1734 umbra,

148 1762 207 1809 vina
220 1776 314 1809 novom
327 1761 433 1809 fundam
447 1763 554 1810 calathis
567 1763 673 1810 Ariusia
685 1769 785 1810 nectar.

148 1849 290 1898 cantabunt
301 1850 365 1898 mihi
377 1850 518 1898 Damoetas
531 1857 556 1898 et
568 1851 674 1912 Lyctius
686 1851 793 1911 Aegon,

147 1939 264 1986 saltantis
278 1944 376 2001 satyros
390 1938 532 1986 imitabitur
544 1939 744 2001 Alphesiboeus.

147 2027 212 2075 haec
225 2027 271 2075 tibi
284 2042 385 2090 semper
397 2034 479 2084 erunt,
495 2034 521 2075 et
534 2042 591 2075 cum
604 2028 742 2075 sollemnia
754 2036 817 2076 vota

97 2119 127 2163 75
149 2116 284 2163 reddemus
298 2116 417 2178 nymphis
431 2122 528 2164 etcum
543 2115 708 2164 lustrabimus
723 2131 811 2177 agros.

149 2203 209 2250 dum
221 2203 284 2264 iuga
296 2204 390 2251 montis
404 2218 478 2266 aper,
497 2204 587 2251 fluvios
602 2204 662 2250 dnm
675 2204 753 2267 piscis
768 2205 866 2260 amabit,

148 2292 260 2354 dumque
274 2291 362 2353 thymo
374 2299 512 2354 pascentur
525 2306 594 2355 apes,
613 2293 673 2340 dum
687 2307 744 2340 rore
759 2294 866 2342 cicadae.

147 2394 247 2442 semper
265 2379 348 2428 honos
368 2394 515 2442 nomenque
533 2388 606 2428 tuum
623 2382 765 2442 laudesque
790 2395 866 2430 mane

448 2469 520 2516 bunt.

136 2562 166 2602 ut
174 2556 287 2607 Baccho
302 2555 457 2625 Cererique,
472 2558 521 2608 tibi
533 2559 571 2608 sic
582 2566 644 2606 uota
656 2560 809 2619 quotannis

59 2641 101 2685 ⁸⁰
119 2645 266 2703 *ruricolae
281 2651 403 2717 facient3
427 2650 573 2703 damnabis
587 2656 620 2697 tu
632 2657 740 2710 quoque
750 2643 832 2687 whe-
