1816 2956
58 175 118 223 534
403 180 510 220 GULEX.

124 429 198 475 Arna
211 425 363 475 Chimaereo
376 425 474 474 Xanthi
489 425 592 488 perfusa
605 425 707 486 liquore

75 522 104 564 15
124 530 170 564 seu
183 515 261 563 decus
273 515 392 563 Asteriae
405 529 450 562 seu
465 529 517 576 qua
528 513 655 561 Parnasia
668 529 748 576 rupes

124 603 185 652 hinc
199 611 275 666 atque
288 603 349 652 hinc
362 603 452 665 patula
464 603 619 665 praepandit
633 617 734 650 cornua
747 605 830 652 fronte

126 691 307 754 Castaliaeque
321 706 415 739 sonans
428 691 528 752 liquido
542 692 607 753 pede
621 690 718 738 labitur
732 693 812 740 unda.

126 795 213 843 quare,
230 780 307 828 Pierii
321 779 404 827 laticis
419 780 506 838 decus,
522 781 565 838 ite,
581 793 684 827 sorores

125 869 223 928 naides,
239 875 264 916 et
277 868 404 917 celebrate
418 869 493 914 deum
507 867 647 929 plaudente
661 867 770 917 chorea.

892 54 902 212 l

126 347 150 388 et
163 338 293 388 recinente
307 339 363 400 lyra
375 337 468 397 fautor,
485 338 537 385 sive
550 337 644 385 educat
656 336 731 384 illum
890 312 899 536 ⁴

73 962 105 1004 20
125 964 150 1004 et
162 963 189 1003 tu
202 964 292 1005 saneta
303 957 388 1014 Pales,
405 956 437 1004 ad
451 971 530 1018 quarn
542 958 555 1016 †
568 962 676 1003 ventura
689 959 802 1005 recurrit

124 1048 137 1103 †
150 1051 279 1106 agrestum
292 1044 361 1091 bona
374 1059 464 1093 secura
477 1045 510 1091 sit
524 1060 586 1093 eura
597 1052 714 1093 tenentes

125 1134 208 1181 aerios
221 1147 355 1181 nemorum
369 1133 448 1180 saltus
462 1133 592 1195 silvasque
604 1133 725 1192 virentes,

125 1228 149 1269 te
162 1222 267 1269 cultrice
280 1235 359 1282 vagus
374 1222 453 1268 saltus
466 1221 535 1270 seror
547 1221 614 1268 inter
627 1227 652 1268 et
665 1228 752 1270 antra.

160 1309 193 1357 Et
204 1316 240 1368 tu,
256 1310 297 1357 cui
310 1310 406 1358 meritis
421 1310 502 1357 oritur
514 1309 609 1356 fiducia
623 1308 730 1369 chartis,

73 1403 105 1445 25
126 1396 214 1445 Octavi
228 1399 381 1458 venerande,
397 1398 460 1446 meis
475 1397 596 1445 adlabere
610 1397 717 1460 coeptis,

125 1492 212 1534 sancte
226 1501 301 1548 puer:
318 1486 363 1534 tibi
377 1501 488 1548 namque
504 1520 699 1533 .........

126 1574 196 1622 triste
209 1575 276 1622 Iovis
290 1575 434 1637 Rhoetique
448 1574 517 1621 canit
529 1588 582 1620 non
596 1573 694 1635 pagina
707 1575 818 1634 bellum,

126 1663 238 1723 Phlegra
251 1661 378 1724 Giganteo
391 1679 480 1725 sparsa
494 1672 531 1709 cst
544 1677 595 1724 quo
609 1664 739 1723 sanguine
755 1666 838 1717 tellus,

126 1767 173 1799 uec
187 1751 345 1799 Centaureos
359 1751 482 1813 Lapithas
497 1751 621 1812 conpellit
633 1751 660 1797 in
675 1766 762 1812 enses,

73 1845 105 1886 ³0
125 1840 176 1886 urit
188 1840 368 1888 Erichthonias
383 1839 475 1888 Oriens
488 1854 541 1885 non
555 1839 657 1900 ignibus
672 1855 757 1899 arces,

125 1943 172 1975 nec
186 1927 314 1989 perfossus
328 1928 411 1975 Athos
425 1943 472 1975 nec
485 1943 580 1988 magno
594 1928 699 1975 vincula
712 1939 797 1991 ponto

124 2017 193 2062 iacta
205 2030 262 2062 mec
277 2024 401 2077 quaerent
414 2017 465 2064 iam
479 2032 535 2064 sera
547 2016 678 2064 volumine
693 2017 803 2074 famam,
882 2076 884 2083 γ

125 2118 177 2150 non
192 2103 374 2166 Hellespontus
388 2105 495 2167 pedibus
510 2105 626 2167 pulsatus
640 2119 783 2166 equorum.

72 2285 104 2326 ³5
125 2281 196 2327 molli
210 2281 253 2328 sed
268 2283 351 2328 tenuis
366 2284 502 2330 decurrens
517 2282 629 2329 carmine
642 2296 732 2330 versus

878 2109 884 2130 t

126 2190 235 2239 Graecia
249 2208 305 2239 cum
319 2194 404 2240 timuit
416 2194 546 2240 venientes
560 2193 675 2254 undique
690 2195 803 2245 Persas:
873 2144 883 2355 ,Ι

124 2368 219 2415 viribus
233 2377 294 2431 apta
306 2370 358 2416 suis
372 2370 477 2417 Phoebo
492 2371 556 2418 duce
570 2371 658 2417 ludere
672 2374 785 2432 gaudet.

123 2457 173 2505 hoc
187 2464 222 2515 tu,
239 2467 326 2505 sancte
340 2473 411 2519 puer,
428 2458 625 2506 memoraberis:
647 2467 672 2506 ct
687 2461 733 2508 tibi
751 2472 846 2512 crescet

122 2547 208 2609 gloria
220 2553 371 2608 perpetuum
384 2547 481 2604 lucens,
496 2562 619 2594 mansura
632 2563 678 2609 per
693 2565 799 2610 aevum,
874 2584 879 2632 Ι

29 2662 52 2760 ι
113 2646 140 2690 et
154 2638 202 2690 tibi
215 2639 279 2691 sede
293 2637 339 2706 pia
352 2642 456 2686 maneat
466 2636 542 2685 locus
554 2642 580 2684 et
591 2634 638 2683 tibi
652 2651 745 2702 sospes
