1816 2956
260 185 429 229 snoumcou
446 186 534 227 mons
549 187 588 227 1v.
762 164 820 226 123'
857 213 858 216 η

96 345 195 406 Vesper
206 344 250 392 ubi
264 359 278 393 e
291 351 365 407 pastu
378 345 471 393 vitulos
484 344 517 393 sd
531 352 598 393 tectu
610 345 710 393 reducit

49 438 75 481 35
96 432 243 493 auditisque
256 433 332 492 lupos
345 440 442 478 acuunt
454 433 583 479 balatibus
596 433 667 490 ugni,

96 519 209 567 considit
220 519 329 580 scopulo
343 519 442 566 medius
455 531 643 576 numerumque
656 524 779 565 recenset.

95 608 170 656 cuius
181 606 301 652 Aristaeo
315 605 439 665 quonium
452 611 490 653 est
503 604 591 652 obluta
603 602 722 662 facultas,

96 692 140 740 vix
152 692 252 742 defessa
264 707 351 742 senem
364 708 455 755 passus
469 706 616 754 conponere
628 693 743 741 membru

97 797 156 830 cum
170 783 283 830 clemore
297 782 346 829 ruit
359 796 454 843 magno
468 781 628 843 manicisque
640 781 767 830 iacentem

49 875 77 919 lo
97 877 216 933 occupat.
243 870 288 918 ille
300 884 362 921 suae
376 878 465 919 contro
478 885 530 918 non
543 871 670 918 inmemor
682 871 743 919 ortis

97 958 186 1007 omniu
198 959 365 1008 transformat
376 975 431 1008 sese
444 960 471 1007 in
485 960 611 1008 miraculo
624 973 717 1018 rerum,

79 1079 82 1083 ‹
97 1048 236 1110 ignemque
249 1047 451 1111 horribilemque
464 1049 545 1097 ferum
556 1049 712 1110 fluviumque
725 1048 812 1111 liquerl

399 1145 459 1187 tem.

98 1239 186 1272 verum
199 1226 242 1273 ubi
256 1227 330 1275 nullu
342 1227 431 1289 iugum
444 1228 538 1290 reperit
550 1226 663 1284 foliacia,
679 1228 759 1275 victus

99 1313 126 1360 in
139 1328 195 1363 sese
207 1315 274 1363 redit
286 1321 363 1377 utque
377 1315 488 1363 hominis
502 1316 606 1365 tandem
620 1331 664 1365 ore
677 1317 778 1365 locutus

49 1407 78 1450 45
95 1392 168 1451 ‘nem
182 1403 238 1464 quis
252 1410 285 1462 te,
301 1403 421 1452 iuvenum
434 1405 660 1462 confidentissime,
676 1413 777 1454 nostros

97 1491 172 1538 iussit
184 1492 255 1540 adire
267 1492 372 1552 domos,
394 1493 486 1554 quidve
499 1493 560 1542 hinc
574 1485 663 1556 putisi'
679 1493 772 1556 inquit.
800 1499 827 1542 at

399 1582 445 1630 ille

95 1658 170 1727 ‘scis‚
186 1668 294 1728 Proteu,
314 1670 364 1718 scis
377 1670 445 1733 ipse:
467 1685 550 1743 neque
564 1678 602 1718 est
615 1680 639 1719 te
652 1671 741 1720 follere
755 1671 826 1732 quic-

401 1775 478 1822 quum
488 1776 494 1819 ς

99 1846 144 1893 sed
158 1853 186 1893 tu
199 1846 287 1895 desine
299 1849 375 1896 velle.
403 1848 480 1896 deum
493 1856 630 1911 praecepta
644 1849 724 1896 secuti

100 1934 215 1982 venimus
229 1935 289 1984 hinc
302 1937 381 1998 lapsis
395 1938 539 2000 quaesitum
553 1938 659 1986 oracula
673 1929 768 1985 rebus'

49 2027 80 2070 50
100 2029 199 2070 tuntum
213 2024 313 2073 effetus.
340 2026 373 2074 sd
387 2027 450 2074 hoec
463 2034 532 2074 votes
545 2026 568 2073 vi
583 2027 693 2089 denique
706 2026 788 2075 mults

100 2111 214 2159 ardentis
227 2114 316 2161 oculos
329 2114 433 2163 intorsit
445 2115 543 2163 lumine
555 2116 649 2177 glauco

101 2206 126 2248 et
137 2201 249 2261 graviter
261 2201 381 2251 frendens
395 2205 431 2252 sic
445 2203 503 2252 sotis
517 2218 562 2253 ora
575 2204 688 2252 resolvit.

97 2278 162 2336 ‘uon
175 2295 199 2337 te
212 2291 309 2339 nullius
323 2301 443 2341 exercent
455 2293 566 2341 numinis
580 2294 648 2342 irue:

100 2366 196 2438 mugno
210 2381 258 2428 luis
273 2382 425 2441 commissa3
440 2382 484 2430 tibi
493 2382 539 2431 hus
547 2383 700 2431 miserabilis
709 2382 827 2445 Orpbeus

49 2475 80 2517 55
100 2469 170 2519 houd
185 2485 315 2533 quoquam
328 2470 361 2518 ob
380 2471 499 2519 meritum
517 2486 628 2534 poenas,
650 2472 676 2518 ni
696 2471 749 2520 suta
766 2470 827 2518 resi·

402 2568 479 2619 stant,

102 2648 210 2698 suscitet
223 2656 248 2697 et
260 2655 334 2711 rupto
346 2649 456 2712 graviter
470 2665 516 2715 pro
530 2649 646 2712 coniuge
657 2649 753 2698 suerit.
