1816 2956
299 340 448 381 aurmnos
471 341 559 381 risun
574 341 618 380 ar,
793 330 857 379 trs

56 505 109 548 620
129 498 210 546 Troes
223 506 318 560 egunt:
339 498 459 561 princeps
473 504 569 545 turmas
581 497 683 546 inducit
694 497 790 545 Asilas.

129 587 233 649 iamque
245 586 456 649 propinquabant
469 587 559 648 portis,
573 601 712 649 rursusque
724 586 812 635 hutini

129 676 270 724 clamorem
282 676 379 723 tollunt
391 687 416 723 et
428 675 519 722 mollia
531 675 600 723 colls
612 675 762 734 reflectunt;

129 764 155 811 bi
169 765 272 826 fugiunt
284 763 439 826 penitusque
453 764 520 811 datis
532 763 677 812 referuntur
689 762 807 822 habenis,

129 853 213 914 qualis
226 852 270 899 ubi
284 853 384 900 alterno
397 865 549 915 procurrens
561 850 663 912 gurgite
676 859 770 914 pontus

56 946 108 990 625
129 956 198 990 nunc
211 941 262 987 ruit
275 941 307 988 ad
322 948 415 988 terram
428 941 601 1003 scopulosque
613 939 752 1001 superiacit
765 940 835 988 unda

129 1044 250 1091 spumeus
264 1037 456 1091 extremamque
469 1029 527 1076 sinu
541 1027 672 1090 perfundit
686 1028 819 1086 harenam,

129 1132 198 1164 nunc
211 1117 315 1180 rapidus
333 1125 400 1164 retro
418 1124 496 1179 etque
509 1124 580 1165 aestu
593 1117 711 1166 revoluta
722 1116 862 1165 resorbens

130 1220 194 1253 saxa
206 1205 272 1266 fugit
285 1206 397 1267 litusque
410 1205 476 1253 vado
490 1205 593 1254 labente
605 1206 736 1268 relinquit„

131 1293 169 1340 bis
182 1293 260 1341 Tusci
274 1293 382 1341 Rutulos
397 1308 472 1355 egere
485 1294 517 1341 ad
531 1295 635 1343 moenia
647 1308 744 1354 versos,

59 1388 110 1432 630
131 1382 169 1430 bis
182 1381 269 1430 reiecti
283 1382 361 1430 armis
375 1389 519 1444 respectent
531 1389 605 1445 terga
617 1390 741 1444 tegentes.

131 1471 207 1519 tertia
218 1471 264 1518 sed
277 1479 416 1533 postquam
429 1470 560 1533 congressi
573 1472 600 1518 in
613 1471 723 1534 proelia,
738 1479 805 1519 totas

130 1559 272 1622 inplicuere
285 1560 352 1608 inter
365 1574 392 1608 se
405 1560 473 1607 ecies
486 1559 601 1622 legitque
614 1560 696 1607 virum
709 1560 761 1607 vir:

131 1657 186 1696 tum
198 1663 258 1697 vero
272 1657 297 1697 et
308 1649 419 1711 gemitus
433 1649 588 1696 morientum
599 1655 624 1697 et
633 1648 759 1710 sunguine
768 1648 795 1696 in
806 1649 863 1697 ulto

131 1752 254 1799 armaque
268 1752 430 1800 corporaque
443 1744 468 1785 et
480 1738 601 1800 permixti
614 1738 693 1785 esede
704 1737 818 1785 virorum

60 1831 111 1874 635
131 1826 294 1874 semianimes
312 1827 448 1874 volvontur
465 1827 541 1888 equi;
562 1841 652 1889 pugna
664 1840 756 1888 aspere
767 1825 861 1887 surgit.

133 1913 284 1961 Orsilochus
297 1914 408 1973 Remuli,
427 1915 532 1976 quando
546 1915 630 1976 ipsum
644 1913 765 1962 horrebat
778 1914 861 1973 adire,

131 2002 232 2049 hastam
250 2002 353 2049 intorsit
369 2016 437 2063 equo
450 2003 597 2064 ferrumque
610 2002 656 2050 sub
671 2017 733 2050 sure
744 2002 861 2064 reliquit.

132 2104 184 2152 quo
198 2091 300 2152 sonipes
314 2090 366 2137 ictu
380 2090 441 2136 furit
454 2091 548 2138 arduos
562 2092 665 2154 alteque
678 2092 758 2140 iactat

131 2179 243 2226 volueris
256 2178 384 2240 inpatiens
398 2186 497 2227 arrecto
510 2186 613 2241 pectore
627 2193 710 2226 crura.

61 2272 113 2317 640
133 2267 242 2313 volvitur
255 2267 300 2314 ille
313 2281 435 2315 excusem
447 2266 527 2314 humi.
557 2265 667 2314 Catillus
681 2268 766 2316 Iollan

132 2356 315 2418 ingentemque
328 2356 430 2414 animis,
445 2355 575 2417 ingentem
590 2370 697 2418 corpore
710 2364 736 2405 et
748 2357 837 2416 armis,

133 2444 211 2492 deicit
224 2443 394 2502 Herminium,
409 2445 480 2492 nudo
494 2444 535 2492 eui
548 2445 642 2493 vertice
655 2445 725 2493 fulva

133 2533 259 2581 caesaries
273 2533 388 2595 nudique
402 2533 499 2591 umeri3
519 2547 567 2581 nec
580 2534 686 2582 volnera
698 2541 809 2593 terrent3

132 2628 219 2668 tantus
232 2621 258 2668 in
272 2637 345 2669 arma
357 2628 436 2684 putet.
465 2622 531 2669 latos
545 2620 605 2670 huic
619 2621 694 2669 hasta
706 2637 752 2684 per
764 2636 851 2669 armos

61 2713 112 2758 645
133 2716 191 2757 acta
204 2711 290 2757 tremit
303 2711 470 2775 duplicatque
482 2710 567 2759 virum
580 2710 715 2758 trunshxu
726 2709 837 2754 uexere.

121 2796 241 2844 funditur
251 2806 309 2847 ster
321 2799 421 2866 ubique
436 2818 532 2864 cruor,
549 2802 622 2852 hant
631 2801 737 2848 lunera
747 2792 828 2838 tenu
