1816 2956
47 106 109 153 346
289 114 316 152 1².
334 113 455 153 vurrorm
474 113 604 153 aaronis

119 272 218 320 liventis
232 270 330 333 plumbi
344 271 450 332 spargit,
466 286 526 333 pars
539 271 638 333 spicula
651 278 737 332 gestat

118 361 180 408 bina
192 375 280 416 manu,
296 358 431 420 fulvosque
443 359 498 421 lupi
513 361 544 408 de
557 361 624 421 polle
636 360 742 420 galeros

118 455 221 510 tegmen
234 448 331 497 habent
343 447 430 510 capiti,
446 448 554 508 vestigia
566 448 637 494 nuda
649 448 748 496 sinistri

46 541 98 584 090
118 537 250 585 instituere
262 537 344 599 pedis,
361 536 454 583 crudus
467 536 530 597 tegit
544 537 624 584 altera
637 550 708 598 pero.

153 625 189 673 At
201 626 347 687 Messapus,
363 639 458 686 equom
472 625 592 684 domitor,
607 624 739 686 Neptunia
752 627 851 688 proles,

118 729 195 776 quem
208 728 292 776 neque
305 713 343 761 fas
355 713 410 774 igni
424 714 544 775 cuiquam
558 728 605 762 nec
618 722 732 762 sternere
746 714 827 774 ferro,

117 802 168 850 iam
183 803 283 865 pridem
296 802 392 850 resides
405 803 515 864 populos
530 802 686 863 desuetaque
700 801 773 852 bello

118 891 223 953 agmina
241 891 268 937 in
287 905 359 938 arma
380 895 456 937 vocat
476 889 560 936 subito
583 888 731 952 ferrumque
756 900 853 942 retrac-

419 985 465 1026 tat.

46 1071 97 1116 695
118 1067 144 1114 hi
158 1067 331 1115 Fescenninas
345 1066 412 1115 acies
426 1081 574 1128 aequusque
587 1067 711 1125 Faliscos,

117 1155 143 1203 hi
157 1154 271 1204 Soractis
285 1156 380 1204 habent
392 1170 464 1204 arces
477 1155 644 1218 Flaviniaque
658 1170 718 1204 arva

117 1251 143 1293 et
156 1242 251 1292 Cimini
266 1259 323 1292 cum
337 1250 424 1292 monte
438 1244 524 1291 lacum
537 1243 660 1305 lucosque
675 1241 810 1306 Capenos.

117 1333 190 1381 ibant
202 1332 304 1394 aequati
318 1347 425 1380 numero
439 1346 577 1394 regemque
590 1331 727 1390 canebant,

117 1437 164 1470 ceu
177 1421 310 1483 quondam
323 1421 388 1468 nivei
403 1420 503 1481 liquida
515 1421 581 1468 inter
595 1420 684 1468 nubila
698 1422 785 1482 cycni,

46 1513 97 1560 700
118 1525 175 1557 cum
189 1523 245 1558 sese
258 1523 272 1558 e
285 1505 359 1572 pastu
372 1509 487 1557 referunt
499 1516 524 1556 et
537 1511 617 1569 longa
630 1522 741 1556 canoros

118 1600 180 1646 dant
192 1613 237 1660 per
251 1598 319 1646 colla
331 1598 438 1657 modos3
459 1605 535 1645 sonat
553 1597 635 1645 amnis
654 1605 679 1644 et
691 1597 760 1646 Asia
774 1600 853 1662 louge

116 1687 192 1749 pulsa
205 1688 288 1748 palus.

117 1790 164 1823 nec
178 1776 314 1837 quisquam
329 1781 427 1822 aeratas
442 1774 509 1821 acies
523 1789 555 1821 ex
568 1774 671 1834 agmine
684 1781 761 1822 tanto

117 1864 217 1911 misceri
231 1871 311 1926 putet,
328 1863 424 1911 aeriam
437 1863 481 1910 scd
495 1863 596 1923 gurgite
610 1862 641 1910 ab
657 1863 709 1908 alto

47 1957 96 2002 705
118 1952 220 2013 urgueri
234 1952 368 2000 volucrum
381 1966 516 1998 raucarum
530 1952 562 1997 ari
576 1951 652 1997 litora
665 1950 773 2000 nubcm.

153 2041 220 2089 Ecce
234 2039 390 2089 Sabinorum
403 2041 487 2102 prisco
502 2040 533 2086 de
546 2039 673 2099 sanguine
686 2054 817 2100 magnum

116 2144 210 2190 agmen
224 2143 303 2189 agens
317 2128 427 2177 Clausus
446 2129 585 2189 magnique
602 2128 657 2189 ipse
677 2129 794 2187 agminis
814 2132 850 2178 iu·

419 2225 479 2272 star,

118 2303 230 2353 Claudia
242 2320 311 2352 nunc
325 2320 340 2351 a
353 2320 404 2366 quo
419 2305 571 2351 diffunditur
584 2311 609 2351 ct
621 2304 702 2351 tribus
716 2313 742 2353 et
756 2322 822 2368 gens

117 2409 162 2456 per
175 2393 294 2451 Latium,
316 2402 455 2455 postquam
472 2394 498 2439 in
517 2400 616 2454 partem
630 2393 690 2439 data
704 2393 791 2444 Roma
805 2397 849 2445 Sar

419 2482 494 2528 binis.

46 2573 97 2619 710
118 2585 169 2618 una
181 2570 274 2633 iugens
289 2570 423 2618 Amiterna
437 2570 529 2617 cohors
543 2570 671 2632 priscique
686 2568 814 2632 Quirites,
