1816 2956
68 185 130 233 256
310 196 336 234 P.
353 195 475 235 vsaornr
495 195 626 236 narolus

137 367 191 400 non
212 353 264 402 iam
286 351 371 415 prima
389 360 449 414 peto
468 352 632 411 Mnestheus,
658 368 742 416 neque
766 355 867 406 vincere

439 447 524 500 cert03

66 534 117 578 195
138 529 411 592 quamquamo-sed
425 536 546 592 superent
556 530 649 592 quibus
662 530 721 591 hoc,
737 530 866 595 Neptune,

440 618 546 666 dedisti:

137 713 265 756 extremos
278 706 375 770 pudeat
386 707 509 766 rediisse;
530 707 580 755 hoc
592 707 695 767 vincite,
712 707 788 768 cives,

137 802 163 844 et
174 794 308 859 prohibete
321 787 412 844 nesus'
437 795 483 844 olli
497 796 635 844 certamine
648 811 749 845 summo

136 885 323 951 procumbunt3
344 885 421 933 vastis
435 885 521 932 tremit
534 884 626 933 ictibus
641 900 716 934 aerea
727 886 831 949 puppis,

137 974 346 1036 subtrahiturque
363 975 464 1032 solnm3
484 981 539 1021 tum
553 974 642 1022 creber
654 975 784 1023 anhelitus
798 983 867 1024 artus

63 1066 116 1110 200
137 1062 261 1126 aridaque
274 1076 320 1110 ora
332 1063 425 1125 quatit,
441 1063 520 1111 sudor
532 1062 588 1110 fluit
600 1063 716 1125 undique
728 1064 799 1112 rivis.

137 1151 223 1198 attulit
235 1151 290 1214 ipse
303 1150 362 1199 viris
376 1158 493 1215 optatum
507 1167 580 1200 casus
593 1151 728 1200 honorem.

136 1253 248 1302 namque
267 1239 353 1288 furens
373 1241 452 1288 animi
472 1241 534 1288 dum
552 1255 656 1304 proram
675 1241 708 1289 ad
727 1255 791 1289 sexu
808 1241 866 1290 sub·

437 1337 530 1391 urguet

136 1416 243 1464 interior
256 1416 391 1479 spatioque
404 1417 472 1465 subit
485 1417 619 1480 Sergestus
632 1418 732 1480 iniquo,

135 1504 226 1553 infelix
239 1505 308 1552 saxis
321 1505 348 1552 in
361 1506 569 1567 procurrentibus
583 1507 675 1554 haesit.

63 1597 115 1641 205
137 1607 277 1642 concussae
290 1599 385 1652 cantes,
401 1601 426 1642 et
440 1601 515 1643 acuto
528 1596 555 1642 in
569 1595 666 1643 murice
678 1595 743 1644 remi

137 1682 225 1729 obnixi
240 1696 369 1745 crepuere,
384 1683 512 1744 inlisaque
525 1697 603 1745 prora
615 1684 747 1746 pependit.

137 1777 297 1832 consurgunt
308 1777 403 1820 uentae
417 1778 442 1819 et
453 1786 549 1832 magno
563 1773 677 1820 clamore
689 1780 825 1821 morantur

136 1860 294 1922 ferratasque
307 1860 392 1909 trudes
406 1866 431 1908 et
443 1867 519 1907 acuta
532 1860 637 1922 cuspide
651 1869 741 1909 contos

136 1949 276 2011 expediunt
288 1949 434 2012 fractosque
447 1950 537 2010 legunt
548 1949 575 1995 in
588 1949 690 2011 gurgite
702 1964 797 1998 remos.

64 2043 116 2085 210
136 2045 163 2086 at
175 2038 257 2086 laetus
270 2038 419 2087 Mnestheus
432 2053 604 2100 successuque
618 2039 701 2085 acrior
713 2039 771 2101 ipso

136 2127 239 2188 agmine
251 2141 381 2174 remorum
395 2127 471 2175 celeri
484 2127 618 2190 ventisque
630 2127 726 2174 vocatis

136 2229 219 2278 prona
231 2215 295 2277 petit
307 2215 390 2262 maria
403 2223 428 2263 et
440 2216 533 2278 pelago
548 2216 660 2263 decurrit
673 2223 771 2278 aperto.

136 2304 220 2366 qualis
233 2305 357 2367 spelunca
369 2304 454 2351 subito
469 2311 598 2352 commota
611 2303 740 2361 columba,

136 2393 177 2440 cui
191 2393 282 2441 domus
296 2399 321 2441 et
334 2393 421 2441 dulces
435 2392 563 2441 latebroso
577 2394 604 2439 in
617 2393 718 2455 pumice
731 2393 796 2450 nidi,

63 2486 116 2529 215
136 2481 216 2530 fertur
227 2483 254 2530 in
268 2497 328 2529 arva
339 2482 429 2529 volans
442 2482 613 2543 plausumque
626 2481 747 2529 exterrita
759 2482 847 2544 pinnis

136 2571 180 2620 dat
193 2578 260 2619 tecto
272 2571 412 2632 ingentem,
428 2584 490 2617 mox
503 2585 561 2619 sere
574 2572 647 2633 lupsa
661 2570 749 2633 quieto

126 2661 201 2709 radit
209 2661 262 2711 iter
272 2659 420 2726 liquidum,
440 2659 530 2710 celeris
543 2674 626 2722 neque
640 2667 785 2708 commoret
798 2660 861 2717 alas,
