<?xml version="1.0" encoding="UTF-8"?>
<!DOCTYPE html PUBLIC "-//W3C//DTD XHTML 1.0 Transitional//EN"
    "http://www.w3.org/TR/xhtml1/DTD/xhtml1-transitional.dtd">
<html xmlns="http://www.w3.org/1999/xhtml" xml:lang="en" lang="en">
 <head>
  <title>
</title>
<meta http-equiv="Content-Type" content="text/html;charset=utf-8" />
  <meta name='ocr-system' content='tesseract 3.04.00' />
  <meta name='ocr-capabilities' content='ocr_page ocr_carea ocr_par ocr_line ocrx_word'/>
</head>
<body>
  <div class='ocr_page' id='page_1' title='image "./pvergiliusmaro01virggoog/pvergiliusmaro01virggoog_0095.png"; bbox 0 0 1816 2956; ppageno 0'>
   <div class='ocr_carea' id='block_1_1' title="bbox 100 166 652 235">
    <p class='ocr_par' dir='ltr' id='par_1_1' title="bbox 100 166 652 235">
     <span class='ocr_line' id='line_1_1' title="bbox 100 166 652 235; baseline 0.004 -23"><span class='ocrx_word' id='word_1_1' title='bbox 100 166 155 235; x_wconf 36' lang='lat'><strong>86,</strong></span> <span class='ocrx_word' id='word_1_2' title='bbox 337 175 506 216; x_wconf 79' lang='lat' dir='ltr'><strong>r.·vnna1n1</strong></span> <span class='ocrx_word' id='word_1_3' title='bbox 521 175 652 215; x_wconf 78' lang='lat' dir='ltr'><strong>uasoms</strong></span> 
     </span>
    </p>
   </div>
   <div class='ocr_carea' id='block_1_2' title="bbox 96 332 890 2712">
    <p class='ocr_par' dir='ltr' id='par_1_2' title="bbox 117 332 834 573">
     <span class='ocr_line' id='line_1_2' title="bbox 117 332 834 396; baseline 0 -16"><span class='ocrx_word' id='word_1_4' title='bbox 117 337 148 380; x_wconf 88' lang='grc'><strong>65</strong></span> <span class='ocrx_word' id='word_1_5' title='bbox 169 339 246 396; x_wconf 90' lang='lat' dir='ltr'><strong>atque</strong></span> <span class='ocrx_word' id='word_1_6' title='bbox 259 332 337 381; x_wconf 87' lang='lat' dir='ltr'><strong>aliam</strong></span> <span class='ocrx_word' id='word_1_7' title='bbox 350 347 382 380; x_wconf 85' lang='lat' dir='ltr'><strong>ex</strong></span> <span class='ocrx_word' id='word_1_8' title='bbox 395 332 448 381; x_wconf 87' lang='lat' dir='ltr'><strong>alia</strong></span> <span class='ocrx_word' id='word_1_9' title='bbox 459 333 608 394; x_wconf 85' lang='lat' dir='ltr'><strong>generando</strong></span> <span class='ocrx_word' id='word_1_10' title='bbox 621 333 710 381; x_wconf 87' lang='lat' dir='ltr'><strong>suffice</strong></span> <span class='ocrx_word' id='word_1_11' title='bbox 723 334 834 395; x_wconf 90' lang='lat' dir='ltr'><strong>prolem.</strong></span> 
     </span>
     <span class='ocr_line' id='line_1_3' title="bbox 168 421 807 485; baseline 0 -17"><span class='ocrx_word' id='word_1_12' title='bbox 168 422 266 484; x_wconf 89' lang='lat' dir='ltr'><strong>optima</strong></span> <span class='ocrx_word' id='word_1_13' title='bbox 278 435 396 485; x_wconf 87' lang='lat' dir='ltr'><strong>quaeque</strong></span> <span class='ocrx_word' id='word_1_14' title='bbox 409 421 463 469; x_wconf 88' lang='lat' dir='ltr'><strong>dies</strong></span> <span class='ocrx_word' id='word_1_15' title='bbox 476 421 574 469; x_wconf 85' lang='lat' dir='ltr'><strong>miseris</strong></span> <span class='ocrx_word' id='word_1_16' title='bbox 588 421 739 470; x_wconf 79' lang='lat' dir='ltr'><strong>mortalibus</strong></span> <span class='ocrx_word' id='word_1_17' title='bbox 753 423 807 470; x_wconf 89' lang='lat' dir='ltr'><strong>aevi</strong></span> 
     </span>
     <span class='ocr_line' id='line_1_4' title="bbox 167 499 832 573; baseline 0 -15"><span class='ocrx_word' id='word_1_18' title='bbox 167 510 251 573; x_wconf 90' lang='lat' dir='ltr'><strong>prima</strong></span> <span class='ocrx_word' id='word_1_19' title='bbox 263 510 337 572; x_wconf 75' lang='lat' dir='ltr'><strong>fugit,</strong></span> <span class='ocrx_word' id='word_1_20' title='bbox 353 509 464 558; x_wconf 87' lang='lat' dir='ltr'><strong>subeunt</strong></span> <span class='ocrx_word' id='word_1_21' title='bbox 475 510 559 558; x_wconf 88' lang='lat' dir='ltr'><strong>morbi</strong></span> <span class='ocrx_word' id='word_1_22' title='bbox 573 511 701 573; x_wconf 86' lang='lat' dir='ltr'><strong>tristisque</strong></span> <span class='ocrx_word' id='word_1_23' title='bbox 714 499 832 560; x_wconf 75' lang='lat' dir='ltr'><strong>senectus</strong></span> 
     </span>
    </p>

    <p class='ocr_par' dir='ltr' id='par_1_3' title="bbox 110 598 810 751">
     <span class='ocr_line' id='line_1_5' title="bbox 110 598 780 662; baseline -0.001 -15"><span class='ocrx_word' id='word_1_24' title='bbox 110 620 113 625; x_wconf 55' lang='lat'><strong>⁴</strong></span> <span class='ocrx_word' id='word_1_25' title='bbox 168 606 193 647; x_wconf 93' lang='lat' dir='ltr'><strong>et</strong></span> <span class='ocrx_word' id='word_1_26' title='bbox 205 598 280 647; x_wconf 91' lang='lat' dir='ltr'><strong>labor</strong></span> <span class='ocrx_word' id='word_1_27' title='bbox 292 606 317 648; x_wconf 92' lang='lat' dir='ltr'><strong>et</strong></span> <span class='ocrx_word' id='word_1_28' title='bbox 329 598 409 647; x_wconf 89' lang='lat' dir='ltr'><strong>durae</strong></span> <span class='ocrx_word' id='word_1_29' title='bbox 422 598 489 662; x_wconf 86' lang='lat' dir='ltr'><strong>rapit</strong></span> <span class='ocrx_word' id='word_1_30' title='bbox 502 598 667 647; x_wconf 88' lang='lat' dir='ltr'><strong>inclementia</strong></span> <span class='ocrx_word' id='word_1_31' title='bbox 680 600 780 648; x_wconf 85' lang='lat' dir='ltr'><strong>mortis.</strong></span> 
     </span>
     <span class='ocr_line' id='line_1_6' title="bbox 167 687 810 751; baseline 0 -17"><span class='ocrx_word' id='word_1_32' title='bbox 167 701 268 750; x_wconf 84' lang='lat' dir='ltr'>semper</span> <span class='ocrx_word' id='word_1_33' title='bbox 280 694 355 736; x_wconf 88' lang='lat' dir='ltr'><strong>erunt</strong></span> <span class='ocrx_word' id='word_1_34' title='bbox 367 702 477 751; x_wconf 83' lang='lat' dir='ltr'><strong>quarum</strong></span> <span class='ocrx_word' id='word_1_35' title='bbox 489 687 583 735; x_wconf 90' lang='lat' dir='ltr'><strong>mutari</strong></span> <span class='ocrx_word' id='word_1_36' title='bbox 597 702 707 750; x_wconf 88' lang='lat' dir='ltr'><strong>corpora</strong></span> <span class='ocrx_word' id='word_1_37' title='bbox 719 689 810 736; x_wconf 89' lang='lat' dir='ltr'><strong>malis:</strong></span> 
     </span>
    </p>

    <p class='ocr_par' dir='ltr' id='par_1_4' title="bbox 117 776 859 928">
     <span class='ocr_line' id='line_1_7' title="bbox 117 776 857 839; baseline -0.001 -14"><span class='ocrx_word' id='word_1_38' title='bbox 117 780 148 825; x_wconf 79' lang='lat' dir='ltr'><strong>to</strong></span> <span class='ocrx_word' id='word_1_39' title='bbox 168 790 268 839; x_wconf 86' lang='lat' dir='ltr'><strong>semper</strong></span> <span class='ocrx_word' id='word_1_40' title='bbox 281 777 349 825; x_wconf 89' lang='lat' dir='ltr'><strong>enim</strong></span> <span class='ocrx_word' id='word_1_41' title='bbox 362 777 438 831; x_wconf 82' lang='lat' dir='ltr'><strong>refice</strong></span> <span class='ocrx_word' id='word_1_42' title='bbox 451 792 490 835; x_wconf 88' lang='lat' dir='ltr'><strong>ac,</strong></span> <span class='ocrx_word' id='word_1_43' title='bbox 506 791 539 825; x_wconf 91' lang='lat' dir='ltr'><strong>ne</strong></span> <span class='ocrx_word' id='word_1_44' title='bbox 552 784 611 839; x_wconf 91' lang='lat' dir='ltr'><strong>post</strong></span> <span class='ocrx_word' id='word_1_45' title='bbox 624 776 719 824; x_wconf 83' lang='lat' dir='ltr'><strong>amissa</strong></span> <span class='ocrx_word' id='word_1_46' title='bbox 732 779 857 839; x_wconf 82' lang='lat' dir='ltr'>requiras,</span> 
     </span>
     <span class='ocr_line' id='line_1_8' title="bbox 167 865 859 928; baseline 0 -15"><span class='ocrx_word' id='word_1_47' title='bbox 167 866 284 914; x_wconf 80' lang='lat' dir='ltr'><strong>anteveni</strong></span> <span class='ocrx_word' id='word_1_48' title='bbox 299 873 324 913; x_wconf 88' lang='lat' dir='ltr'><strong>et</strong></span> <span class='ocrx_word' id='word_1_49' title='bbox 335 865 453 913; x_wconf 85' lang='lat' dir='ltr'><strong>subolem</strong></span> <span class='ocrx_word' id='word_1_50' title='bbox 466 873 581 913; x_wconf 89' lang='lat' dir='ltr'><strong>armento</strong></span> <span class='ocrx_word' id='word_1_51' title='bbox 594 867 686 914; x_wconf 92' lang='lat' dir='ltr'><strong>sortire</strong></span> <span class='ocrx_word' id='word_1_52' title='bbox 699 867 859 928; x_wconf 89' lang='lat' dir='ltr'><strong>quotannis.</strong></span> 
     </span>
    </p>

    <p class='ocr_par' dir='ltr' id='par_1_5' title="bbox 167 953 890 1195">
     <span class='ocr_line' id='line_1_9' title="bbox 201 953 840 1017; baseline 0 -15"><span class='ocrx_word' id='word_1_53' title='bbox 201 953 255 1003; x_wconf 86' lang='lat' dir='ltr'><strong>Nec</strong></span> <span class='ocrx_word' id='word_1_54' title='bbox 269 969 320 1001; x_wconf 90' lang='lat' dir='ltr'><strong>non</strong></span> <span class='ocrx_word' id='word_1_55' title='bbox 335 962 360 1002; x_wconf 86' lang='lat' dir='ltr'><strong>et</strong></span> <span class='ocrx_word' id='word_1_56' title='bbox 372 955 459 1017; x_wconf 87' lang='lat' dir='ltr'><strong>pecori</strong></span> <span class='ocrx_word' id='word_1_57' title='bbox 474 961 512 1002; x_wconf 89' lang='lat' dir='ltr'><strong>est</strong></span> <span class='ocrx_word' id='word_1_58' title='bbox 524 955 592 1002; x_wconf 89' lang='lat' dir='ltr'><strong>idem</strong></span> <span class='ocrx_word' id='word_1_59' title='bbox 606 955 720 1003; x_wconf 86' lang='lat' dir='ltr'><strong>delectus</strong></span> <span class='ocrx_word' id='word_1_60' title='bbox 734 955 840 1017; x_wconf 87' lang='lat' dir='ltr'><strong>equino.</strong></span> 
     </span>
     <span class='ocr_line' id='line_1_10' title="bbox 168 1043 890 1105; baseline 0 -15"><span class='ocrx_word' id='word_1_61' title='bbox 168 1051 194 1090; x_wconf 93' lang='lat' dir='ltr'><strong>tu</strong></span> <span class='ocrx_word' id='word_1_62' title='bbox 213 1044 304 1102; x_wconf 88' lang='lat' dir='ltr'><strong>modo,</strong></span> <span class='ocrx_word' id='word_1_63' title='bbox 325 1058 390 1105; x_wconf 88' lang='lat' dir='ltr'><strong>quos</strong></span> <span class='ocrx_word' id='word_1_64' title='bbox 404 1044 430 1090; x_wconf 90' lang='lat' dir='ltr'><strong>in</strong></span> <span class='ocrx_word' id='word_1_65' title='bbox 444 1058 516 1105; x_wconf 86' lang='lat' dir='ltr'><strong>spem</strong></span> <span class='ocrx_word' id='word_1_66' title='bbox 528 1049 624 1091; x_wconf 81' lang='lat' dir='ltr'><strong>statues</strong></span> <span class='ocrx_word' id='word_1_67' title='bbox 638 1043 788 1091; x_wconf 86' lang='lat' dir='ltr'><strong>submittere</strong></span> <span class='ocrx_word' id='word_1_68' title='bbox 801 1043 890 1105; x_wconf 84' lang='lat' dir='ltr'><strong>gentis,</strong></span> 
     </span>
     <span class='ocr_line' id='line_1_11' title="bbox 167 1131 869 1195; baseline -0.003 -16"><span class='ocrx_word' id='word_1_69' title='bbox 167 1133 335 1195; x_wconf 88' lang='lat' dir='ltr'><strong>praecipuum</strong></span> <span class='ocrx_word' id='word_1_70' title='bbox 348 1133 400 1180; x_wconf 86' lang='lat' dir='ltr'><strong>iam</strong></span> <span class='ocrx_word' id='word_1_71' title='bbox 412 1131 472 1180; x_wconf 90' lang='lat' dir='ltr'><strong>inde</strong></span> <span class='ocrx_word' id='word_1_72' title='bbox 486 1147 501 1179; x_wconf 90' lang='lat' dir='ltr'><strong>a</strong></span> <span class='ocrx_word' id='word_1_73' title='bbox 514 1133 606 1181; x_wconf 87' lang='lat' dir='ltr'><strong>teneris</strong></span> <span class='ocrx_word' id='word_1_74' title='bbox 620 1132 732 1194; x_wconf 89' lang='lat' dir='ltr'><strong>inpende</strong></span> <span class='ocrx_word' id='word_1_75' title='bbox 745 1132 869 1180; x_wconf 90' lang='lat' dir='ltr'><strong>laborem.</strong></span> 
     </span>
    </p>

    <p class='ocr_par' dir='ltr' id='par_1_6' title="bbox 117 1221 838 1637">
     <span class='ocr_line' id='line_1_12' title="bbox 117 1221 756 1284; baseline -0.006 -14"><span class='ocrx_word' id='word_1_76' title='bbox 117 1223 148 1270; x_wconf 82' lang='lat'><strong>75</strong></span> <span class='ocrx_word' id='word_1_77' title='bbox 169 1221 293 1269; x_wconf 89' lang='lat' dir='ltr'><strong>continuo</strong></span> <span class='ocrx_word' id='word_1_78' title='bbox 306 1221 406 1284; x_wconf 87' lang='lat' dir='ltr'><strong>pecoris</strong></span> <span class='ocrx_word' id='word_1_79' title='bbox 419 1221 537 1282; x_wconf 86' lang='lat' dir='ltr'><strong>generosi</strong></span> <span class='ocrx_word' id='word_1_80' title='bbox 550 1221 636 1282; x_wconf 88' lang='lat' dir='ltr'><strong>pullus</strong></span> <span class='ocrx_word' id='word_1_81' title='bbox 650 1221 676 1268; x_wconf 95' lang='lat' dir='ltr'><strong>in</strong></span> <span class='ocrx_word' id='word_1_82' title='bbox 691 1221 756 1267; x_wconf 84' lang='lat' dir='ltr'><strong>arvis</strong></span> 
     </span>
     <span class='ocr_line' id='line_1_13' title="bbox 169 1309 751 1372; baseline -0.002 -16"><span class='ocrx_word' id='word_1_83' title='bbox 169 1310 245 1357; x_wconf 90' lang='lat' dir='ltr'><strong>altius</strong></span> <span class='ocrx_word' id='word_1_84' title='bbox 258 1310 400 1371; x_wconf 84' lang='lat' dir='ltr'><strong>ingreditur</strong></span> <span class='ocrx_word' id='word_1_85' title='bbox 413 1317 439 1357; x_wconf 96' lang='lat' dir='ltr'><strong>et</strong></span> <span class='ocrx_word' id='word_1_86' title='bbox 451 1309 541 1357; x_wconf 87' lang='lat' dir='ltr'><strong>mollia</strong></span> <span class='ocrx_word' id='word_1_87' title='bbox 555 1324 628 1356; x_wconf 87' lang='lat' dir='ltr'><strong>crura</strong></span> <span class='ocrx_word' id='word_1_88' title='bbox 641 1309 751 1372; x_wconf 88' lang='lat' dir='ltr'><strong>reponit,</strong></span> 
     </span>
     <span class='ocr_line' id='line_1_14' title="bbox 168 1397 838 1460; baseline 0.001 -14"><span class='ocrx_word' id='word_1_89' title='bbox 168 1399 265 1460; x_wconf 88' lang='lat' dir='ltr'><strong>primus</strong></span> <span class='ocrx_word' id='word_1_90' title='bbox 279 1406 304 1446; x_wconf 87' lang='lat' dir='ltr'><strong>et</strong></span> <span class='ocrx_word' id='word_1_91' title='bbox 317 1398 354 1445; x_wconf 90' lang='lat' dir='ltr'><strong>ire</strong></span> <span class='ocrx_word' id='word_1_92' title='bbox 367 1398 434 1445; x_wconf 87' lang='lat' dir='ltr'><strong>viam</strong></span> <span class='ocrx_word' id='word_1_93' title='bbox 447 1406 472 1446; x_wconf 92' lang='lat' dir='ltr'><strong>et</strong></span> <span class='ocrx_word' id='word_1_94' title='bbox 484 1397 574 1445; x_wconf 86' lang='lat' dir='ltr'><strong>fluvios</strong></span> <span class='ocrx_word' id='word_1_95' title='bbox 587 1405 712 1460; x_wconf 87' lang='lat' dir='ltr'><strong>temptare</strong></span> <span class='ocrx_word' id='word_1_96' title='bbox 724 1398 838 1446; x_wconf 82' lang='lat' dir='ltr'><strong>minaces</strong></span> 
     </span>
     <span class='ocr_line' id='line_1_15' title="bbox 168 1486 711 1553; baseline -0.006 -18"><span class='ocrx_word' id='word_1_97' title='bbox 168 1488 247 1535; x_wconf 89' lang='lat' dir='ltr'><strong>audet</strong></span> <span class='ocrx_word' id='word_1_98' title='bbox 259 1493 283 1534; x_wconf 91' lang='lat' dir='ltr'><strong>et</strong></span> <span class='ocrx_word' id='word_1_99' title='bbox 295 1487 385 1548; x_wconf 82' lang='lat' dir='ltr'><strong>ignoto</strong></span> <span class='ocrx_word' id='word_1_100' title='bbox 398 1500 453 1534; x_wconf 87' lang='lat' dir='ltr'><strong>sese</strong></span> <span class='ocrx_word' id='word_1_101' title='bbox 467 1486 626 1534; x_wconf 85' lang='lat' dir='ltr'><strong>committere</strong></span> <span class='ocrx_word' id='word_1_102' title='bbox 638 1486 711 1553; x_wconf 85' lang='lat' dir='ltr'><strong>ponti</strong></span> 
     </span>
     <span class='ocr_line' id='line_1_16' title="bbox 168 1574 819 1637; baseline 0 -15"><span class='ocrx_word' id='word_1_103' title='bbox 168 1590 216 1624; x_wconf 87' lang='lat' dir='ltr'><strong>nee</strong></span> <span class='ocrx_word' id='word_1_104' title='bbox 228 1582 308 1624; x_wconf 84' lang='lat' dir='ltr'><strong>vanos</strong></span> <span class='ocrx_word' id='word_1_105' title='bbox 321 1575 408 1623; x_wconf 89' lang='lat' dir='ltr'><strong>horret</strong></span> <span class='ocrx_word' id='word_1_106' title='bbox 420 1574 547 1637; x_wconf 86' lang='lat' dir='ltr'><strong>strepitus.</strong></span> <span class='ocrx_word' id='word_1_107' title='bbox 576 1575 614 1622; x_wconf 89' lang='lat' dir='ltr'><strong>illi</strong></span> <span class='ocrx_word' id='word_1_108' title='bbox 629 1575 710 1622; x_wconf 85' lang='lat' dir='ltr'><strong>ardua</strong></span> <span class='ocrx_word' id='word_1_109' title='bbox 724 1577 819 1634; x_wconf 87' lang='lat' dir='ltr'><strong>cervix,</strong></span> 
     </span>
    </p>

    <p class='ocr_par' dir='ltr' id='par_1_7' title="bbox 115 1663 869 2077">
     <span class='ocr_line' id='line_1_17' title="bbox 115 1663 869 1727; baseline -0.001 -15"><span class='ocrx_word' id='word_1_110' title='bbox 115 1668 148 1712; x_wconf 87' lang='lat'><strong>80</strong></span> <span class='ocrx_word' id='word_1_111' title='bbox 168 1671 338 1727; x_wconf 82' lang='lat' dir='ltr'><strong>argutumque</strong></span> <span class='ocrx_word' id='word_1_112' title='bbox 352 1671 437 1726; x_wconf 88' lang='lat' dir='ltr'><strong>caput,</strong></span> <span class='ocrx_word' id='word_1_113' title='bbox 453 1663 535 1710; x_wconf 86' lang='lat' dir='ltr'><strong>brevis</strong></span> <span class='ocrx_word' id='word_1_114' title='bbox 549 1664 629 1722; x_wconf 73' lang='lat' dir='ltr'><strong>alme,</strong></span> <span class='ocrx_word' id='word_1_115' title='bbox 645 1663 776 1727; x_wconf 78' lang='lat' dir='ltr'><strong>obesaque</strong></span> <span class='ocrx_word' id='word_1_116' title='bbox 790 1672 869 1726; x_wconf 79' lang='lat' dir='ltr'><strong>terga,</strong></span> 
     </span>
     <span class='ocr_line' id='line_1_18' title="bbox 168 1737 809 1816; baseline 0.002 -16"><span class='ocrx_word' id='word_1_117' title='bbox 168 1753 333 1816; x_wconf 84' lang='lat' dir='ltr'><strong>luxuriatque</strong></span> <span class='ocrx_word' id='word_1_118' title='bbox 346 1737 408 1800; x_wconf 75' lang='lat' dir='ltr'><strong>toris</strong></span> <span class='ocrx_word' id='word_1_119' title='bbox 421 1753 566 1800; x_wconf 89' lang='lat' dir='ltr'><strong>animosum</strong></span> <span class='ocrx_word' id='word_1_120' title='bbox 580 1760 678 1814; x_wconf 90' lang='lat' dir='ltr'><strong>pectus.</strong></span> <span class='ocrx_word' id='word_1_121' title='bbox 706 1753 809 1801; x_wconf 88' lang='lat' dir='ltr'><strong>honesti</strong></span> 
     </span>
     <span class='ocr_line' id='line_1_19' title="bbox 167 1841 776 1905; baseline -0.002 -16"><span class='ocrx_word' id='word_1_122' title='bbox 167 1841 284 1904; x_wconf 86' lang='lat' dir='ltr'><strong>spadices</strong></span> <span class='ocrx_word' id='word_1_123' title='bbox 297 1842 444 1905; x_wconf 85' lang='lat' dir='ltr'><strong>glaucique,</strong></span> <span class='ocrx_word' id='word_1_124' title='bbox 460 1843 532 1889; x_wconf 90' lang='lat' dir='ltr'><strong>color</strong></span> <span class='ocrx_word' id='word_1_125' title='bbox 546 1842 696 1889; x_wconf 85' lang='lat' dir='ltr'><strong>deterrimus</strong></span> <span class='ocrx_word' id='word_1_126' title='bbox 709 1841 776 1890; x_wconf 87' lang='lat' dir='ltr'><strong>albis</strong></span> 
     </span>
     <span class='ocr_line' id='line_1_20' title="bbox 167 1930 863 1993; baseline 0 -14"><span class='ocrx_word' id='word_1_127' title='bbox 167 1937 192 1979; x_wconf 89' lang='lat' dir='ltr'><strong>et</strong></span> <span class='ocrx_word' id='word_1_128' title='bbox 205 1931 282 1992; x_wconf 86' lang='lat' dir='ltr'><strong>gilvo.</strong></span> <span class='ocrx_word' id='word_1_129' title='bbox 311 1938 364 1977; x_wconf 90' lang='lat' dir='ltr'><strong>tum</strong></span> <span class='ocrx_word' id='word_1_130' title='bbox 378 1931 453 1993; x_wconf 89' lang='lat' dir='ltr'><strong>siqua</strong></span> <span class='ocrx_word' id='word_1_131' title='bbox 465 1944 556 1977; x_wconf 89' lang='lat' dir='ltr'><strong>sonum</strong></span> <span class='ocrx_word' id='word_1_132' title='bbox 571 1930 660 1992; x_wconf 90' lang='lat' dir='ltr'><strong>procul</strong></span> <span class='ocrx_word' id='word_1_133' title='bbox 676 1945 748 1977; x_wconf 90' lang='lat' dir='ltr'><strong>arma</strong></span> <span class='ocrx_word' id='word_1_134' title='bbox 761 1931 863 1985; x_wconf 86' lang='lat' dir='ltr'><strong>dedero,</strong></span> 
     </span>
     <span class='ocr_line' id='line_1_21' title="bbox 167 2019 842 2077; baseline 0 -11"><span class='ocrx_word' id='word_1_135' title='bbox 167 2027 234 2066; x_wconf 88' lang='lat' dir='ltr'><strong>stare</strong></span> <span class='ocrx_word' id='word_1_136' title='bbox 248 2020 307 2066; x_wconf 89' lang='lat' dir='ltr'><strong>loco</strong></span> <span class='ocrx_word' id='word_1_137' title='bbox 319 2020 409 2077; x_wconf 86' lang='lat' dir='ltr'><strong>nescit,</strong></span> <span class='ocrx_word' id='word_1_138' title='bbox 425 2019 504 2067; x_wconf 86' lang='lat' dir='ltr'><strong>micat</strong></span> <span class='ocrx_word' id='word_1_139' title='bbox 516 2019 619 2067; x_wconf 87' lang='lat' dir='ltr'><strong>auribus</strong></span> <span class='ocrx_word' id='word_1_140' title='bbox 634 2026 659 2066; x_wconf 92' lang='lat' dir='ltr'><strong>et</strong></span> <span class='ocrx_word' id='word_1_141' title='bbox 671 2019 758 2067; x_wconf 90' lang='lat' dir='ltr'><strong>tremit</strong></span> <span class='ocrx_word' id='word_1_142' title='bbox 771 2030 842 2068; x_wconf 88' lang='lat' dir='ltr'><strong>artus</strong></span> 
     </span>
    </p>

    <p class='ocr_par' dir='ltr' id='par_1_8' title="bbox 115 2107 858 2525">
     <span class='ocr_line' id='line_1_22' title="bbox 115 2107 858 2170; baseline 0 -15"><span class='ocrx_word' id='word_1_143' title='bbox 115 2112 146 2155; x_wconf 83' lang='grc'><strong>85</strong></span> <span class='ocrx_word' id='word_1_144' title='bbox 168 2108 356 2169; x_wconf 87' lang='lat' dir='ltr'><strong>collectumque</strong></span> <span class='ocrx_word' id='word_1_145' title='bbox 369 2107 478 2156; x_wconf 92' lang='lat' dir='ltr'><strong>fremens</strong></span> <span class='ocrx_word' id='word_1_146' title='bbox 491 2108 570 2155; x_wconf 89' lang='lat' dir='ltr'><strong>volvit</strong></span> <span class='ocrx_word' id='word_1_147' title='bbox 581 2107 628 2154; x_wconf 89' lang='lat' dir='ltr'><strong>sub</strong></span> <span class='ocrx_word' id='word_1_148' title='bbox 642 2107 747 2155; x_wconf 87' lang='lat' dir='ltr'><strong>naribus</strong></span> <span class='ocrx_word' id='word_1_149' title='bbox 761 2109 858 2170; x_wconf 87' lang='lat' dir='ltr'><strong>ignem.</strong></span> 
     </span>
     <span class='ocr_line' id='line_1_23' title="bbox 167 2196 849 2255; baseline 0 -11"><span class='ocrx_word' id='word_1_150' title='bbox 167 2197 247 2244; x_wconf 85' lang='lat' dir='ltr'><strong>densa</strong></span> <span class='ocrx_word' id='word_1_151' title='bbox 259 2196 320 2244; x_wconf 90' lang='lat' dir='ltr'><strong>iuba</strong></span> <span class='ocrx_word' id='word_1_152' title='bbox 333 2203 358 2244; x_wconf 92' lang='lat' dir='ltr'><strong>et</strong></span> <span class='ocrx_word' id='word_1_153' title='bbox 371 2197 461 2244; x_wconf 88' lang='lat' dir='ltr'><strong>dextro</strong></span> <span class='ocrx_word' id='word_1_154' title='bbox 475 2197 569 2244; x_wconf 87' lang='lat' dir='ltr'><strong>iactata</strong></span> <span class='ocrx_word' id='word_1_155' title='bbox 582 2196 708 2244; x_wconf 86' lang='lat' dir='ltr'><strong>recumbit</strong></span> <span class='ocrx_word' id='word_1_156' title='bbox 720 2197 747 2244; x_wconf 91' lang='lat' dir='ltr'><strong>in</strong></span> <span class='ocrx_word' id='word_1_157' title='bbox 762 2210 849 2255; x_wconf 75' lang='lat' dir='ltr'><strong>arm03</strong></span> 
     </span>
     <span class='ocr_line' id='line_1_24' title="bbox 167 2285 809 2348; baseline 0.003 -16"><span class='ocrx_word' id='word_1_158' title='bbox 167 2293 193 2332; x_wconf 90' lang='lat' dir='ltr'><strong>at</strong></span> <span class='ocrx_word' id='word_1_159' title='bbox 206 2285 302 2346; x_wconf 78' lang='lat' dir='ltr'><strong>duplex</strong></span> <span class='ocrx_word' id='word_1_160' title='bbox 315 2285 399 2345; x_wconf 84' lang='lat' dir='ltr'><strong>agitur</strong></span> <span class='ocrx_word' id='word_1_161' title='bbox 411 2301 457 2348; x_wconf 86' lang='lat' dir='ltr'><strong>per</strong></span> <span class='ocrx_word' id='word_1_162' title='bbox 470 2285 571 2333; x_wconf 90' lang='lat' dir='ltr'><strong>lumbos</strong></span> <span class='ocrx_word' id='word_1_163' title='bbox 584 2286 667 2348; x_wconf 87' lang='lat' dir='ltr'><strong>spina,</strong></span> <span class='ocrx_word' id='word_1_164' title='bbox 684 2295 809 2348; x_wconf 82' lang='lat' dir='ltr'><strong>curatque</strong></span> 
     </span>
     <span class='ocr_line' id='line_1_25' title="bbox 164 2374 845 2436; baseline 0 -15"><span class='ocrx_word' id='word_1_165' title='bbox 164 2374 283 2422; x_wconf 89' lang='lat' dir='ltr'><strong>tellurem</strong></span> <span class='ocrx_word' id='word_1_166' title='bbox 296 2381 321 2422; x_wconf 91' lang='lat' dir='ltr'><strong>et</strong></span> <span class='ocrx_word' id='word_1_167' title='bbox 334 2375 417 2422; x_wconf 88' lang='lat' dir='ltr'><strong>solido</strong></span> <span class='ocrx_word' id='word_1_168' title='bbox 431 2375 542 2435; x_wconf 81' lang='lat' dir='ltr'><strong>graviter</strong></span> <span class='ocrx_word' id='word_1_169' title='bbox 554 2380 629 2421; x_wconf 89' lang='lat' dir='ltr'><strong>sonat</strong></span> <span class='ocrx_word' id='word_1_170' title='bbox 642 2375 741 2436; x_wconf 86' lang='lat' dir='ltr'><strong>ungula</strong></span> <span class='ocrx_word' id='word_1_171' title='bbox 754 2389 845 2422; x_wconf 92' lang='lat' dir='ltr'><strong>cornu.</strong></span> 
     </span>
     <span class='ocr_line' id='line_1_26' title="bbox 166 2463 746 2525; baseline 0.003 -16"><span class='ocrx_word' id='word_1_172' title='bbox 166 2463 224 2510; x_wconf 87' lang='lat' dir='ltr'><strong>talis</strong></span> <span class='ocrx_word' id='word_1_173' title='bbox 237 2464 370 2525; x_wconf 85' lang='lat' dir='ltr'><strong>Amyclaei</strong></span> <span class='ocrx_word' id='word_1_174' title='bbox 386 2463 496 2510; x_wconf 90' lang='lat' dir='ltr'><strong>domitus</strong></span> <span class='ocrx_word' id='word_1_175' title='bbox 510 2463 624 2511; x_wconf 86' lang='lat' dir='ltr'><strong>Pollucis</strong></span> <span class='ocrx_word' id='word_1_176' title='bbox 638 2463 746 2511; x_wconf 88' lang='lat' dir='ltr'><strong>habenis</strong></span> 
     </span>
    </p>

    <p class='ocr_par' dir='ltr' id='par_1_9' title="bbox 96 2549 834 2712">
     <span class='ocr_line' id='line_1_27' title="bbox 96 2549 808 2620; baseline -0.007 -16"><span class='ocrx_word' id='word_1_177' title='bbox 96 2554 132 2596; x_wconf 81' lang='lat'><strong>90</strong></span> <span class='ocrx_word' id='word_1_178' title='bbox 153 2549 280 2616; x_wconf 71' lang='lat' dir='ltr'><strong>Qvllarus</strong></span> <span class='ocrx_word' id='word_1_179' title='bbox 294 2562 330 2616; x_wconf 89' lang='lat' dir='ltr'><strong>et,</strong></span> <span class='ocrx_word' id='word_1_180' title='bbox 349 2570 464 2620; x_wconf 89' lang='lat' dir='ltr'><strong>quorum</strong></span> <span class='ocrx_word' id='word_1_181' title='bbox 477 2551 542 2602; x_wconf 80' lang='lat' dir='ltr'><strong>Grai</strong></span> <span class='ocrx_word' id='word_1_182' title='bbox 553 2552 695 2600; x_wconf 77' lang='lat' dir='ltr'><strong>meminere</strong></span> <span class='ocrx_word' id='word_1_183' title='bbox 704 2560 808 2612; x_wconf 61' lang='lat' dir='ltr'><strong>qoetac„</strong></span> 
     </span>
     <span class='ocr_line' id='line_1_28' title="bbox 134 2637 834 2712; baseline -0.007 -24"><span class='ocrx_word' id='word_1_184' title='bbox 134 2640 239 2693; x_wconf 83' lang='lat' dir='ltr'><strong>Martis</strong></span> <span class='ocrx_word' id='word_1_185' title='bbox 256 2648 321 2712; x_wconf 90' lang='lat' dir='ltr'><strong>equi</strong></span> <span class='ocrx_word' id='word_1_186' title='bbox 340 2648 449 2712; x_wconf 83' lang='lat' dir='ltr'><strong>biiuges</strong></span> <span class='ocrx_word' id='word_1_187' title='bbox 463 2654 492 2696; x_wconf 87' lang='lat' dir='ltr'><strong>et</strong></span> <span class='ocrx_word' id='word_1_188' title='bbox 505 2643 600 2707; x_wconf 75' lang='lat' dir='ltr'><strong>magni</strong></span> <span class='ocrx_word' id='word_1_189' title='bbox 613 2653 705 2690; x_wconf 82' lang='lat' dir='ltr'><strong>currus</strong></span> <span class='ocrx_word' id='word_1_190' title='bbox 721 2637 834 2692; x_wconf 59' lang='lat' dir='ltr'><strong>boulir„</strong></span> 
     </span>
    </p>
   </div>
   <div class='ocr_carea' id='block_1_3' title="bbox 0 0 912 2956">
    <p class='ocr_par' dir='ltr' id='par_1_10' title="bbox 0 0 912 2956">
     <span class='ocr_line' id='line_1_29' title="bbox 0 0 912 2956; baseline 0 0"><span class='ocrx_word' id='word_1_191' title='bbox 0 0 912 2956; x_wconf 95' lang='lat' dir='ltr'><strong> </strong></span> 
     </span>
    </p>
   </div>
  </div>
 </body>
</html>
