1816 2956
95 183 153 228 104
309 218 313 224 .
331 191 356 228 P.
377 189 498 229 vultam
516 189 646 230 MARONIS

161 354 283 398 contenta
296 347 392 395 ceiyice
406 347 511 394 trahunt
523 347 659 395 stridentia
671 347 795 408 plaustra.

161 451 213 484 non
226 423 302 499 lupus
315 435 423 484 insidias
436 436 554 497 explorat
567 434 645 483 ovilia
658 435 755 484 circum

160 541 208 574 nee
220 525 340 587 gregibus
353 531 495 572 nocturnus
509 523 677 605 oqubulat3
699 525 783 572 aerior
795 525 870 572 illum

161 629 222 663 cura
235 614 337 661 domat:
359 612 442 661 timidi
457 613 575 661 dammae
588 613 706 675 cervique
720 613 825 674 fugaces

90 709 140 752 540
160 718 229 751 nunc
241 702 359 765 interque
373 716 449 749 canes
463 708 488 749 et
501 701 597 749 circum
611 708 678 749 tecta
690 684 834 762 vagantur(

159 793 211 841 iam
224 791 302 839 maris
313 790 423 838 inmensi
436 791 536 853 prolem
549 798 661 851 etgenus
669 797 887 838 omnenatantum

159 881 234 929 litore
246 880 273 928 in
286 887 400 928 extremo
415 894 461 926 eeu
474 877 602 939 naufraga
615 892 725 940 corpora
738 878 828 926 fluctus

159 969 270 1033 proluit3
291 968 410 1016 insolitae
423 967 526 1028 lugiunt
538 967 564 1013 in
577 967 684 1015 flumina
698 966 806 1029 phocae.

159 1059 246 1109 interit
258 1065 284 1106 ct
296 1055 378 1106 curvis
392 1055 486 1104 frustra
499 1055 604 1104 defensa
617 1055 721 1103 latebris

90 1153 139 1196 545
158 1148 246 1210 vipera
258 1154 283 1194 et
296 1145 398 1193 attoniti
411 1144 525 1207 squamis
539 1143 699 1192 adstantibus
713 1144 797 1206 hydri.

158 1237 221 1299 ipsis
234 1242 273 1284 cst
285 1249 329 1282 aer
341 1234 430 1282 avibus
444 1247 497 1280 non
511 1247 586 1280 aecus
600 1239 625 1279 et
638 1233 699 1281 illae

158 1324 310 1387 praecipites
324 1323 377 1371 alta
390 1323 468 1370 vitam
481 1321 527 1368 sub
541 1320 609 1369 nube
622 1321 759 1369 relincunt.

158 1418 290 1475 praeterea
302 1412 354 1459 iam
367 1426 414 1460 nee
428 1410 522 1458 mutari
535 1409 631 1471 pabula
644 1410 721 1458 refert

158 1501 341 1564 quaesitusque
355 1507 449 1548 nocent
461 1505 544 1558 artcs;
565 1513 663 1546 cessere
676 1499 802 1559 magistri,

89 1596 138 1638 550
159 1590 314 1652 Phillyrides
329 1588 426 1637 Chiron
439 1587 681 1650 Amythaoniusque
694 1587 850 1649 Melampus.

157 1679 238 1727 saevit
250 1686 275 1726 et
287 1679 314 1725 in
327 1679 412 1726 lucent
426 1675 521 1738 Stygiis
534 1676 628 1723 emissa
641 1675 753 1723 tenebris

158 1767 258 1830 pallida
271 1766 413 1828 Tisiphone
426 1765 536 1813 Morbos
546 1765 600 1826 agit
612 1772 671 1812 ante
684 1764 834 1826 Metumque

157 1857 235 1918 inque
250 1855 303 1902 dies
318 1855 420 1902 avidum
432 1845 539 1915 surgens
554 1861 630 1916 caput
643 1854 719 1915 altius
733 1853 814 1901 etlert.

157 1945 246 1992 balatu
260 1958 382 2006 pecorum
396 1951 420 1989 et
434 1943 528 1990 crebris
542 1943 682 2004 mugitibus
697 1957 785 1990 amnes

88 2040 137 2083 555
158 2040 310 2094 arentesque
323 2038 417 2079 sonant
429 2031 500 2094 ripae
514 2032 647 2094 collesque
660 2031 755 2093 supini.

156 2124 259 2184 iamque
274 2122 421 2169 catervatim
435 2120 479 2166 dat
491 2126 603 2181 stragem
617 2127 693 2181 atque
707 2129 813 2180 aggerat
825 2121 886 2182 ips'm

158 2212 184 2259 in
198 2210 305 2258 stabulis
319 2209 386 2271 turpi
400 2209 502 2270 dilapsa
515 2208 640 2256 cadavera
653 2208 723 2266 tubo,

158 2301 240 2348 donec
253 2300 331 2346 hurno
345 2309 431 2360 tegere
445 2312 475 2344 ae
488 2297 567 2344 foveis
582 2277 740 2345 abscondere
754 2298 866 2346 diseunt.

156 2404 218 2436 nam
231 2403 314 2450 neque
328 2396 382 2435 erat
396 2386 471 2434 coriis
484 2400 545 2433 usus
558 2400 606 2433 nee
619 2386 716 2434 viscera
730 2388 868 2450 quisquam

88 2484 137 2527 560
158 2485 201 2525 aut
214 2477 290 2524 undis
303 2477 406 2524 abolere
420 2481 504 2538 potest
516 2481 560 2521 aut
572 2475 673 2522 vincere
686 2475 800 2524 flamma.

157 2582 188 2615 ne
201 2567 307 2614 tondere
322 2565 424 2627 quidem
438 2562 529 2610 morbo
542 2563 689 2637 inluvieque
701 2578 793 2626 peresa

155 2656 251 2704 vellera
265 2669 311 2703 nec
325 2654 389 2702 telas
402 2659 510 2717 possunt
523 2652 649 2714 attingere
661 2663 764 2715 putres;
