1816 2956
353 187 542 228 cananaeus.

69 354 97 394 10
117 348 245 409 vitamque
259 347 291 393 ab
305 346 374 393 omni
389 344 576 393 vindicabimus
590 359 659 392 cura.

117 437 150 483 ite
164 436 232 494 hinc,
249 450 380 491 camenae,
396 449 440 481 vos
454 448 557 496 quoque
570 434 604 481 ite
617 434 678 491 iam,
694 448 756 480 sane

116 525 203 572 dulces
218 538 340 572 camenae
353 523 426 585 (narn
439 522 576 570 fatebimur
588 537 684 581 vorum,

116 614 205 662 dulces
218 611 330 674 fuistis);
351 618 376 659 et
389 619 474 658 tamen
487 625 557 658 meas
571 610 673 658 chartas

116 701 253 757 revisitote‚
270 700 314 747 sed
328 700 453 761 pudenter
465 706 491 746 et
503 713 570 746 raro.

409 787 481 834 VIII.

117 874 228 923 Sabinus
242 876 287 924 iIIe
301 890 377 938 quem
390 875 489 934 videtis,
505 875 629 938 hospites,

117 963 153 1009 ait
165 963 243 1011 fnisse
255 965 336 1011 mulio
350 965 497 1013 celerrimus

118 1066 201 1113 neque
214 1052 290 1099 ullius
304 1053 413 1100 volantis
426 1053 542 1114 inpetum
556 1052 602 1100 cisi

116 1140 236 1202 nequisse
249 1141 395 1203 praeterire,
411 1141 462 1189 sive
475 1141 609 1189 Mantuam

83 1234 96 1277 5
117 1244 181 1291 opus
196 1229 261 1277 soret
273 1231 359 1278 volare
373 1231 424 1278 sive
438 1229 562 1277 Brixiam.

116 1326 140 1366 ct
153 1317 203 1366 hoc
216 1326 294 1380 negat
306 1318 452 1380 Tryphonis
466 1319 560 1367 aemuli
575 1319 680 1367 domum

116 1421 210 1468 negare
223 1407 337 1456 nobilem
350 1408 493 1456 insulamve
507 1406 620 1467 Caeruli,

115 1494 158 1542 ubi
173 1496 219 1543 iste
232 1504 291 1558 post
304 1495 415 1545 Sabinus
429 1505 487 1544 aute
501 1495 624 1556 Quinctio

115 1583 218 1632 bidente
232 1586 295 1632 dicit
307 1591 434 1634 attotonse
447 1586 534 1634 forfice

65 1677 95 1719 10
116 1679 217 1720 comata
230 1673 306 1731 colla,
323 1675 425 1736 nequod
440 1675 572 1723 horridum
585 1676 647 1736 iugo

115 1768 245 1822 premente
259 1763 323 1809 dura
336 1762 428 1810 vulnus
442 1765 528 1812 ederet
540 1764 609 1811 iuba.

116 1847 244 1897 Cremona
256 1851 351 1912 frigida
364 1858 389 1898 ct
402 1852 486 1899 lutosa
499 1851 594 1911 Gallia,

115 1936 160 1983 tibi
174 1937 238 1986 haec
251 1937 329 1988 fuisse
342 1947 367 1986 et
380 1954 435 1988 esse
448 1941 625 2002 cognitissima

114 2026 150 2073 ait
163 2025 288 2075 Sabinus:
310 2028 401 2075 ultima
414 2044 446 2076 ex
460 2028 559 2090 orIgine

65 2119 94 2162 15
115 2122 159 2162 tua
171 2117 271 2164 stetisse
285 2116 348 2164 dicit
360 2117 386 2163 in
400 2118 531 2179 voragine,

114 2210 158 2250 tua
170 2204 197 2251 in
210 2205 305 2267 palude
320 2205 451 2267 deposisse
464 2206 587 2263 sarcinas,

114 2297 139 2338 et
151 2291 211 2340 inde
225 2300 263 2340 tot
276 2308 321 2356 per
334 2294 449 2341 orbitosa
462 2295 534 2342 milia

114 2378 202 2441 iugum
216 2382 314 2440 tulisse,
330 2383 403 2430 laeva
416 2383 468 2430 sive
482 2383 587 2431 dextera

113 2469 221 2530 strigare
234 2471 305 2517 mula
318 2471 370 2519 sIve
384 2472 511 2534 utrimque
525 2479 645 2534 coeperat

60 2561 93 2603 20
115 2591 592 2607 ...........

112 2659 197 2708 neque
210 2647 264 2696 ulla
276 2655 336 2698 vota
348 2648 507 2698 semitalibns
521 2649 575 2698 dois
