1816 2956
298 193 446 232 Aruernos
461 194 549 233 mean
564 194 607 232 XI·
789 186 848 233 469

127 350 312 411 exploratores,
329 351 444 412 equiturn
458 350 525 397 levia
536 349 661 412 inprobus
678 364 750 397 arma

126 439 266 500 praemisit,
282 445 418 501 quaterent
430 453 552 500 camp0s;
572 439 628 502 ipse
641 439 722 487 ardua
735 439 831 486 montis

127 541 172 589 per
184 528 286 575 deserta
298 527 359 588 iugo
373 541 498 590 superans
512 527 633 575 adventat
644 528 678 575 ad
691 526 789 576 urbem.

56 620 106 662 515
127 615 195 663 furta
207 630 271 678 paro
284 615 346 663 belli
360 629 475 664 convexo
488 616 515 662 in
528 615 629 663 tramite
642 614 731 675 silvae,
750 616 752 619 ’

126 712 154 751 ut
167 704 247 752 bivias
261 711 360 751 armato
374 703 491 751 obsidam
504 703 587 751 milite
600 702 695 751 fauces.

127 800 153 838 tu
167 793 329 854 Tyrrhenum
342 793 455 854 equitem
468 792 570 840 collatis
584 791 673 854 excipe
686 792 783 854 signis:

127 887 210 928 tecum
224 896 282 928 acer
294 881 428 944 Messapus
442 881 489 928 erit
502 887 653 943 turmaeque
665 880 775 930 Latinae

126 968 279 1030 Tiburtique
292 983 399 1028 manus3
420 969 493 1017 ducis
506 975 531 1016 et
543 976 571 1016 tu
584 968 692 1031 concipe
706 961 814 1018 curam'

57 1060 107 1102 520
127 1056 163 1103 sic
177 1057 213 1103 ait
226 1063 251 1104 et
263 1057 368 1118 paribus
381 1057 529 1119 Messapum
542 1058 569 1104 in
582 1057 682 1120 proelia
695 1057 770 1106 dictis

127 1144 245 1192 hortatur
256 1145 393 1207 sociosque
407 1146 484 1194 duces
498 1153 523 1194 et
536 1146 621 1209 pergit
632 1145 659 1193 iu
672 1145 781 1195 hostem.

127 1240 165 1280 est
178 1247 254 1280 curvo
268 1233 385 1281 anfractu
398 1234 488 1292 valles,
503 1235 675 1284 adcommoda
688 1234 772 1282 fraudi

127 1335 309 1384 armorumque
322 1322 399 1381 dolis,
415 1337 494 1384 quam
508 1322 593 1370 densis
607 1321 741 1370 frondibus
755 1329 839 1370 atrum

128 1417 219 1470 urguet
231 1411 360 1474 utrimque
373 1412 450 1470 latus,
467 1411 550 1459 tenuis
564 1426 615 1473 quo
629 1411 720 1460 semita
733 1411 804 1459 ducit

56 1502 106 1545 525
127 1506 303 1562 angustaeque
316 1500 401 1548 serunt
414 1499 500 1549 fauces
514 1500 650 1562 aditusque
662 1500 780 1562 maligni.

125 1586 194 1635 hanc
207 1603 283 1651 snper
295 1590 323 1637 in
335 1590 445 1652 speculis
459 1603 612 1651 summoque
621 1588 648 1635 in
655 1588 748 1637 vertice
759 1587 854 1636 montis

126 1676 246 1737 planities
260 1679 351 1740 ignota
363 1679 430 1726 iacet
443 1679 542 1741 tutique
554 1691 679 1734 recessus,

126 1778 169 1811 seu
184 1765 275 1812 dextra
286 1749 411 1828 laevaque
423 1767 486 1814 velis
500 1779 634 1814 occurrere
646 1778 749 1827 pugnae

126 1851 178 1899 sive
191 1853 286 1902 instare
300 1855 367 1916 iugis
382 1862 406 1902 et
418 1855 529 1915 grandia
541 1855 643 1902 volvere
655 1868 727 1901 saxa.

57 1944 106 1987 530
126 1939 177 1988 huc
190 1940 289 1989 iuvenis
302 1950 365 1990 nota
378 1943 457 1990 fertur
469 1943 576 2003 regione
588 1943 687 1990 viarum

127 2028 286 2091 arripuitque
300 2030 387 2077 locum
401 2037 425 2078 et
438 2031 507 2078 silvis
521 2031 615 2080 insedit
626 2030 733 2092 iniquis.

161 2117 285 2165 Velocem
298 2118 396 2166 interea
409 2119 507 2181 superis
520 2120 547 2167 in
561 2118 665 2168 sedibus
679 2118 767 2182 Opim,

126 2220 205 2252 unam
219 2220 251 2253 ex
263 2207 405 2268 virginibus
419 2208 496 2255 sociis
509 2223 634 2270 sacraque
648 2215 758 2266 caterva,

127 2294 301 2356 compellabat
314 2302 338 2343 et
350 2296 397 2343 has
411 2296 489 2344 tristis
503 2297 614 2345 Latonia
626 2311 701 2344 voces

10 2360 13 2369 Ι
56 2387 105 2430 535
127 2397 170 2429 ore
185 2382 271 2430 dabat.
295 2373 423 2445 ‘graditur
435 2385 532 2432 bellum
545 2386 577 2432 ad
592 2386 697 2434 crudele
710 2384 831 2444 Camilla,

127 2484 141 2517 o
154 2470 237 2531 virgo,
253 2480 278 2519 et
290 2474 384 2520 nostris
397 2473 556 2535 nequiquam
569 2475 682 2536 cingitur
694 2474 784 2529 armis„

126 2574 187 2607 cara
198 2561 260 2608 mihi
275 2563 415 2611 antealias.
444 2557 890 2627 nequeenimnouosiatexn'xaxxne

116 2648 183 2692 venit
195 2663 272 2696 amor
282 2651 428 2718 subitaque
443 2655 573 2705 animum
587 2648 747 2702 dulcedine
758 2636 867 2687 maffi-
