1816 2956
277 192 425 232 Aruernos
445 193 533 231 nmen
552 193 592 232 vr.
772 185 829 231 317

54 356 86 399 60
106 359 181 412 atque
196 350 237 397 hic
250 351 352 398 Aeneas
367 349 431 411 (una
444 364 556 412 namque
570 350 606 398 ire
619 351 722 398 videbat

105 440 237 500 egregium
251 439 334 486 forma
346 439 464 486 iuvenem
477 445 502 486 et
514 437 672 499 fulgentibus
686 439 772 496 armis,

105 529 149 576 sed
164 528 233 576 frons
246 529 315 576 laeta
327 542 419 589 purum
432 534 457 575 et
470 527 568 574 deiecto
581 527 681 574 lumina
693 527 776 590 voltu)

102 607 180 680 ‘quis,
196 625 283 680 pater,
304 616 350 664 ille
362 617 444 663 virum
458 616 501 678 qui
515 615 552 663 sic
565 616 702 663 comitatur
714 615 835 664 euntem?

105 707 172 754 filius
186 720 253 752 anne
267 705 360 767 aliquis
374 719 469 765 magna
482 705 513 752 de
526 705 604 766 stirpe
617 705 758 766 nepotum?

53 800 85 843 65
106 795 162 856 quis
176 793 294 856 strepitus
313 793 382 841 circa
399 793 537 841 comituml
564 799 688 854 quantum
708 793 789 840 instar
806 794 833 840 in

406 881 478 943 ipso!

105 970 149 1017 sed
162 984 216 1016 nox
228 977 284 1016 atra
297 978 374 1032 caput
387 971 451 1018 tristi
465 970 633 1018 circumvolat
645 961 756 1016 umbra.'

104 1066 158 1106 tum
171 1066 243 1120 pater
256 1058 383 1107 Anchises
396 1059 510 1107 lacrimis
523 1059 653 1119 ingressus
669 1058 767 1105 obortis

104 1148 128 1194 ‘o
142 1153 229 1208 gnate,
244 1146 376 1207 ingentem
388 1148 486 1194 luctum
500 1161 532 1195 ne
546 1162 640 1209 quaere
653 1156 764 1194 tuorum.

105 1236 240 1283 ostendent
252 1235 325 1282 terris
338 1236 407 1283 hune
419 1243 519 1284 tantum
533 1236 586 1283 fata
598 1250 682 1298 neque
695 1237 764 1285 ultra

53 1328 84 1373 70
103 1339 157 1372 esse
170 1324 262 1371 sinent.
290 1324 399 1371 nimium
412 1325 484 1372 vobis
497 1325 615 1372 Romana
627 1339 745 1388 propago

104 1413 158 1460 visa
170 1419 271 1474 potens,
287 1413 386 1475 superi,
402 1413 507 1475 propria
519 1413 584 1460 haec
596 1413 616 1460 si
632 1413 701 1461 dona
713 1413 830 1462 fuissent.

105 1509 214 1564 quantos
227 1502 273 1549 ille
286 1503 368 1549 virum
380 1516 503 1563 magnam
515 1502 637 1550 Mavortis
651 1502 684 1549 ad
698 1501 788 1550 urbem

104 1605 209 1653 campus
223 1597 282 1651 aget
294 1591 419 1651 gemitus!
440 1591 479 1638 vel
493 1605 573 1652 quae,
589 1590 719 1649 Tiberine,
734 1590 832 1639 videbis

102 1679 201 1737 funera,
218 1694 276 1726 cum
288 1680 417 1726 tumulum
429 1679 618 1742 praeterlabere
632 1661 760 1727 recentem
771 1679 776 1726 l

51 1772 82 1817 75
103 1783 150 1815 nec
163 1782 227 1829 puer
238 1767 319 1815 Iliaca
332 1768 470 1829 quisquam
483 1769 514 1815 de
527 1774 604 1828 gente
616 1768 725 1815 Latinos

102 1856 129 1902 in
143 1862 242 1902 tantum
255 1871 300 1916 spe
312 1856 387 1903 tollet
400 1871 460 1902 avos
474 1870 521 1903 nec
534 1856 646 1904 Romula
659 1857 792 1919 quondam

103 1945 157 1991 ullo
171 1959 197 1992 sc
212 1951 311 1990 tantum
324 1945 400 1991 tellus
414 1943 520 1991 iactabit
532 1945 646 1992 alumno.

104 2033 152 2080 heu
165 2033 256 2094 pietas,
271 2032 321 2079 heu
335 2032 420 2094 prisca
432 2032 504 2090 fides,
519 2033 665 2094 invictaque
679 2034 748 2082 bello

103 2121 223 2169 dextera!
244 2135 297 2168 non
309 2120 347 2168 illi
362 2135 389 2168 se
402 2121 539 2182 quisquam
552 2121 648 2184 inpune
661 2123 761 2171 tulisset

51 2215 82 2258 80
103 2211 191 2257 obvius
205 2216 313 2267 armato,
329 2224 374 2256 seu
389 2224 446 2257 curn
460 2211 538 2272 pedes
551 2211 600 2258 iret
612 2211 639 2257 iu
652 2211 752 2260 hostem

102 2314 147 2346 seu
160 2299 302 2361 spumantis
317 2298 376 2359 equi
389 2298 489 2346 foderet
502 2299 644 2347 calcaribus
659 2315 753 2348 armos.

101 2388 151 2435 heu
164 2388 309 2436 miserande
322 2402 394 2449 puer,
410 2387 484 2449 siqua
496 2387 550 2436 fata
563 2403 654 2452 aspera
667 2403 780 2452 rumpas,

102 2483 129 2523 tu
141 2476 280 2525 Marcellus
294 2476 351 2524 eris.
379 2475 498 2524 manibus
512 2477 570 2524 date
583 2477 640 2524 lilia
652 2477 751 2540 plenis3

101 2580 243 2627 purpureos
256 2579 376 2627 spargam
389 2564 464 2612 flores
478 2565 643 2628 animamque
657 2565 757 2627 nepotis

51 2658 81 2701 85
101 2653 141 2700 his
155 2654 245 2702 saltem
259 2654 423 2702 adcumulem
436 2653 511 2702 donis
524 2661 551 2703 et
561 2653 659 2715 iungar
669 2653 753 2699 inam
