1816 2956
292 191 439 229 Annnrnos
455 192 541 229 LIBER
560 192 609 230 vn.
788 182 845 228 347

123 348 191 395 Ereti
205 362 296 395 manus
310 348 393 395 omnis
407 347 588 408 oliviferaeque
601 347 750 404 Mutuscae3

123 436 167 498 qui
180 435 336 484 Nomentum
349 436 446 495 urbem,
463 437 506 498 qui
520 436 604 484 Rosea
616 451 676 483 rura
689 436 784 493 Velini,

123 525 167 586 qui
180 524 298 572 Tetricae
311 524 437 572 horrentis
455 539 532 586 rupes
549 532 715 586 montemque
728 522 850 572 Severum

123 611 325 675 Casperiamque
349 613 438 659 colunt
461 613 621 674 Forulosque
645 619 670 660 et
692 613 786 660 flumen
807 613 849 660 Hi·

423 701 531 759 mellae;

53 793 102 837 715
123 790 166 850 qui
179 789 294 836 Tiberim
307 788 479 850 Fabarimque
492 789 597 846 bibunt,
618 803 682 850 quos
696 788 791 850 frigida
804 790 851 836 mi-

425 878 458 925 sit

122 965 224 1024 Nursia,
240 973 265 1013 et
278 966 403 1014 Hortinae
417 967 511 1013 classes
525 965 667 1027 populique
680 965 783 1023 Latini3

123 1069 240 1116 quosque
253 1069 342 1102 secans
355 1055 496 1102 infaustum
509 1055 624 1102 interluit
636 1054 707 1104 Allia
721 1068 830 1102 nomen:

124 1157 200 1204 quarn
214 1143 287 1189 multi
301 1143 398 1204 Libyco
412 1144 547 1191 volventur
560 1157 687 1190 marmore
700 1143 800 1200 fluetus,

123 1245 212 1278 saevos
226 1230 269 1278 ubi
283 1229 364 1279 Orion
378 1232 491 1280 hibernis
505 1232 625 1280 conditur
638 1232 723 1289 undis,

54 1323 104 1367 720
123 1320 161 1368 vel
176 1335 233 1367 cum
247 1321 301 1368 sole
315 1335 381 1367 novo
396 1321 490 1369 densae
503 1327 631 1368 torrentur
644 1321 737 1368 aristae

123 1416 168 1456 aut
180 1408 267 1456 Hermi
281 1423 373 1471 campo
389 1416 433 1457 ant
445 1409 539 1471 Lyciae
552 1409 703 1457 flaventibus
716 1409 791 1456 arvis.

123 1504 195 1545 scuta
207 1505 302 1545 sonant
313 1499 440 1560 pulsuque
454 1499 549 1559 pedum
562 1498 700 1545 conterrita
713 1499 796 1545 tellus.

159 1585 226 1634 Hinc
239 1587 470 1647 Agamemnonius,
486 1587 593 1634 Troiani
607 1587 718 1633 nominis
731 1585 821 1643 hostis,

124 1689 199 1721 curru
213 1674 296 1734 iungit
309 1674 435 1722 Halaesus
448 1689 528 1736 equos
542 1674 682 1734 Turnoque
695 1673 792 1721 feroces

54 1763 102 1807 7⁶25
124 1761 194 1807 mille
207 1762 274 1821 rapit
286 1764 407 1824 populos,
423 1770 523 1810 vertunt
536 1762 621 1810 felicia
633 1761 738 1809 Baccho

124 1848 235 1895 Massica
248 1851 292 1910 qui
305 1852 402 1909 rastris,
419 1858 444 1899 et
456 1865 521 1912 quos
536 1851 566 1897 de
580 1850 689 1897 collibus
703 1850 762 1897 altis

123 1937 240 1983 Aurunci
253 1938 345 1987 misere
357 1947 452 2001 patres,
469 1938 636 2000 Sidicinaque
649 1939 721 1986 iuxta

124 2039 246 2086 aequora,
263 2027 358 2089 quique
372 2026 448 2075 Cales
463 2028 570 2085 lincunt,
586 2028 722 2089 amnisque
735 2027 824 2074 vadosi

124 2114 212 2161 accola
224 2113 354 2172 Volturni,
370 2117 515 2178 pariterque
529 2114 658 2163 Saticulus
672 2131 747 2180 asper

54 2207 105 2251 730
125 2203 302 2266 Oscorumque
316 2219 416 2251 manus.
444 2212 535 2252 teretes
548 2212 608 2252 sunt
620 2206 722 2268 aclydes
735 2205 786 2252 illis

123 2292 183 2349 tela,
199 2293 243 2340 sed
258 2293 322 2340 haec
336 2294 405 2340 lento
420 2308 475 2341 mos
489 2300 527 2341 est
539 2301 628 2356 aptare
640 2294 760 2355 flagel103

124 2380 207 2428 laevas
222 2388 291 2428 cetra
304 2382 375 2442 tegit,
392 2382 480 2430 falcati
494 2383 637 2431 comminus
651 2397 732 2430 enses.

158 2468 211 2516 Nec
224 2477 251 2516 tu
265 2470 420 2517 carminibus
434 2472 528 2519 nostris
541 2472 652 2520 indictus
668 2464 759 2528 abibis,

124 2556 234 2616 Oebale,
251 2573 328 2619 quom
341 2573 477 2620 generasse
491 2541 574 2608 Telon
588 2560 726 2609 Sebethide
738 2559 852 2621 nympha

53 2649 66 2693 7
70 2650 102 2692 35
123 2645 211 2704 fertur,
227 2647 370 2695 Teleboum
384 2646 496 2710 Capreas
511 2664 569 2696 eum
583 2664 665 2710 regna
675 2656 789 2701 teneret„

853 2764 880 2782 A
