1816 2956
292 212 441 253 nnumnos
461 213 549 254 mara
565 215 584 254 1.
777 202 836 256 133

112 370 243 432 extemplo
257 369 362 419 Aeneae
374 371 507 419 solvontur
519 371 615 434 frigore
628 372 757 433 membra3

112 458 220 520 ingemit
232 465 257 506 et
270 458 386 521 duplices
399 459 506 507 tendens
520 461 551 507 ad
566 460 650 509 sidera
662 462 761 524 palmas

112 547 174 594 talia
187 561 249 595 voce
262 547 348 606 refert,
360 537 387 594 ‘o
400 555 489 610 terque
503 555 644 611 quaterque
657 549 726 598 beati

58 639 92 683 95
113 635 170 698 quis
184 642 243 683 ante
255 649 301 684 ora
314 643 416 698 patrum
429 637 523 686 Troiae
536 637 582 685 sub
595 638 730 686 moenibus
744 639 802 686 altis

98 723 220 786 ⁴contigit
237 725 373 788 oppetere!
393 740 408 773 o
421 725 543 772 Danaum
556 725 693 775 fortissime
706 727 789 788 gentis

110 811 225 874 Tydidel
245 827 320 861 mene
334 812 421 862 Iliacis
435 814 587 862 occumbere
600 815 697 877 campis

111 915 164 948 non
182 900 296 964 potuisse
313 909 409 964 tuaque
426 903 540 950 animam
552 903 620 951 hanc
633 903 763 952 effundere
777 904 837 952 dex·

406 990 463 1038 tra?

110 1091 199 1124 saevos
212 1077 256 1125 ubi
269 1078 401 1127 Aeacidae
413 1080 465 1127 telo
478 1078 545 1126 iacet
557 1078 667 1138 Hector,
689 1079 734 1126 ubi
746 1079 837 1141 ingens

57 1170 91 1214 00
111 1163 255 1227 Sarpedon,
271 1166 315 1213 ubi
329 1173 367 1214 tot
380 1166 474 1216 Simois
488 1173 605 1229 correpta
618 1167 664 1214 sub
678 1167 754 1215 undis

110 1261 183 1302 scuta
195 1255 277 1302 virum
290 1256 429 1318 galeasque
443 1263 468 1304 et
479 1255 556 1303 fortia
570 1269 678 1318 corpora
690 1247 787 1304 volvit.’

146 1344 221 1391 Talia
233 1343 338 1391 iactanti
352 1345 462 1392 stridens
475 1344 606 1406 Aquilone
619 1344 733 1406 procella

111 1433 197 1480 velum
210 1433 317 1480 adversa
329 1432 388 1480 ferit
400 1433 542 1495 fluctusque
556 1433 588 1480 ad
602 1432 687 1480 sidera
699 1433 775 1481 tollit.

111 1522 264 1582 franguntur
276 1521 349 1580 remi,
365 1529 420 1568 tum
432 1536 508 1583 prora
522 1521 612 1570 avertit
624 1529 649 1570 et
661 1521 737 1569 undis

57 1614 91 1658 05
112 1610 156 1657 dat
180 1610 261 1669 latus,
287 1610 431 1672 insequitur
456 1610 558 1658 cumulo
583 1616 735 1672 praeruptus
755 1625 838 1673 aquae

412 1714 495 1747 mons.

110 1787 138 1834 hi
151 1802 251 1835 summo
265 1789 291 1835 in
304 1788 381 1836 fluctu
395 1788 516 1850 pendent,
533 1787 572 1835 his
585 1788 656 1835 unda
669 1787 802 1835 dehiscens

111 1882 204 1923 terram
217 1877 284 1925 inter
297 1877 388 1925 fluctus
402 1876 492 1939 aperit,
508 1876 570 1924 furit
583 1884 668 1924 aestus
681 1875 794 1923 harenis.

110 1965 155 2012 tris
169 1964 250 2013 Notus
265 1965 383 2028 abreptas
396 1965 422 2013 in
436 1980 500 2012 saxa
513 1964 620 2012 latentia
633 1971 736 2026 torquet

111 2053 188 2116 (saxa
200 2061 294 2102 vocant
306 2054 378 2113 Itali,
394 2054 484 2101 mediis
499 2053 604 2116 quaein
617 2052 744 2111 fluctibus,
760 2053 836 2110 Aras,

59 2148 91 2191 10
112 2143 217 2190 dorsum
230 2143 334 2190 inmane
346 2143 410 2190 mari
424 2142 546 2205 summo),
562 2142 606 2189 tris
619 2141 702 2189 Eurus
716 2141 747 2189 ab
762 2141 814 2188 alto

111 2231 138 2278 in
151 2231 237 2280 brevia
250 2239 275 2279 et
287 2232 361 2294 syrtis
375 2237 467 2293 urguet
479 2230 636 2293 (miserabile
649 2230 716 2293 visu)

111 2320 249 2382 inliditque
262 2320 333 2367 vadis
348 2327 425 2382 atque
438 2334 531 2382 aggere
545 2320 624 2380 cingit
638 2319 758 2366 harenae.

110 2424 199 2467 unam,
215 2423 281 2471 quae
295 2408 388 2470 Lycios
402 2409 533 2471 fidumque
545 2408 654 2456 vehebat
667 2406 791 2463 Oronten,

111 2497 193 2560 ipsius
208 2503 267 2545 ante
280 2498 369 2545 oculos
382 2498 502 2563 ingenqa
515 2497 608 2544 vertice
621 2501 715 2557 pontus

61 2591 91 2635 15
111 2586 139 2633 in
152 2586 260 2648 puppim
273 2586 346 2634 ferit:
369 2586 496 2633 excutitur
508 2597 657 2658 pronusque
670 2582 792 2642 magister

112 2675 222 2724 volvitur
233 2675 261 2724 in
275 2681 359 2740 caput,
376 2681 416 2724 ast
427 2674 503 2725 illam
515 2682 555 2726 ter
568 2674 666 2723 ductus
677 2671 787 2719 ihixdem
