1816 2956
241 186 410 228 duosulcon
427 187 515 226 ulons
528 188 569 227 1v.
742 177 800 224 lll

76 347 183 395 forsitan
197 355 222 393 et
234 343 337 408 pinguis
351 343 439 393 hortos
453 359 520 407 quae
532 359 595 393 cura
608 345 710 392 colendi

76 441 181 484 ornaret
193 448 320 492 canerem,
335 432 461 495 biferique
474 433 573 482 rosaria
584 433 679 492 Paesti,

25 531 57 575 20
76 538 180 588 quoque
192 523 271 572 modo
285 522 352 585 potis
365 522 508 583 gauderent
519 521 602 571 intiba
614 522 673 570 rivis

76 623 102 662 et
113 613 205 660 virides
220 611 279 674 apio
292 611 363 673 ripae
377 617 510 673 tortusque
522 625 567 673 per
580 611 686 660 herbam

75 707 202 751 cresceret
213 701 241 748 in
253 706 367 749 ventrem
379 700 508 759 cucumis,
528 714 576 748 nec
589 714 646 748 sera
659 708 804 748 comantem

75 790 219 838 narcissum
233 795 277 836 aut
289 788 348 836 flexi
361 789 498 837 tacuissem
510 789 595 837 vimen
609 788 712 837 acanthi

76 878 247 942 pallentisque
260 876 368 925 hederas
381 885 407 925 et
419 877 530 925 amantis
543 877 621 925 litora
633 884 738 939 myrtos.

25 974 55 1017 25
76 981 189 1030 namque
201 965 248 1014 sub
262 964 388 1014 Oebaliae
400 966 505 1014 memini
519 965 684 1015 membribus
699 966 766 1024 altis,

77 1071 129 1119 qua
142 1056 215 1117 niger
227 1061 339 1103 umectat
350 1054 470 1103 flaventia
483 1055 553 1103 culta
566 1053 701 1112 Galaesus,

76 1144 215 1206 Corycium
228 1143 321 1192 vidisse
334 1158 430 1201 senem,
447 1144 487 1192 cui
502 1158 585 1206 pauca
598 1144 680 1192 relicti

75 1234 166 1295 iugera
178 1233 245 1280 ruris
258 1240 339 1292 erant,
354 1247 402 1281 nec
415 1232 506 1281 fertilis
518 1233 566 1281 illa
578 1233 691 1281 iuvencis

75 1337 124 1371 nec
136 1322 223 1385 pecori
237 1329 383 1384 opportuna
394 1336 467 1382 seges
479 1336 528 1370 nec
541 1321 803 1370 commodaBaccbo:

25 1417 56 1461 50
76 1410 119 1459 hio
131 1425 216 1458 rarum
230 1417 316 1458 tamen
329 1410 356 1457 in
369 1410 453 1459 dunris
466 1411 542 1458 holus
555 1411 667 1474 albaque
680 1410 776 1459 circum

78 1500 135 1548 lilia
147 1499 322 1562 verbenasque
334 1514 452 1561 premens
466 1514 620 1562 vescumque
632 1514 745 1563 papaver

78 1603 168 1650 regum
182 1587 311 1650 aequabat
324 1602 385 1650 opes
399 1588 485 1635 animo
499 1603 608 1652 seraque
621 1595 747 1637 revertens

78 1683 154 1726 nocte
167 1677 273 1724 domum
287 1676 396 1739 dapibus
415 1691 516 1725 mensas
535 1677 660 1726 onerabat
675 1677 804 1740 inemptis.

78 1766 176 1829 primus
189 1780 247 1814 vere
260 1780 346 1813 rosam
360 1772 436 1827 atque
453 1771 577 1813 autumno
596 1781 700 1828 carpere
717 1781 804 1829 poma,

25 1859 57 1904 35
78 1860 104 1903 et
116 1869 175 1903 cum
188 1855 265 1902 tristis
279 1854 360 1902 hiems
374 1855 515 1902 etiamnum
528 1853 623 1916 frigore
636 1870 701 1903 saxa

78 1950 208 2006 rumperet
220 1949 245 1991 et
257 1943 341 2004 glacie
356 1957 444 1991 cursus
457 1941 568 1992 frenaret
581 1956 715 2005 aquam,

77 2031 123 2080 ille
137 2046 238 2080 comam
250 2031 336 2079 mollis
349 2031 402 2078 iam
416 2032 540 2080 tondebat
552 2032 693 2094 hyacinthi,

78 2127 201 2169 aestatem
212 2120 369 2182 increpitans
381 2134 464 2168 seram
477 2120 653 2185 tephyrosque
665 2129 804 2171 morantes.

78 2223 140 2272 ergo
154 2209 245 2272 apibus
258 2209 315 2258 setis
328 2209 396 2258 idem
410 2216 487 2271 atque
500 2210 619 2259 examine
631 2213 713 2260 multo

25 2305 57 2348 40
77 2298 175 2362 primus
189 2297 321 2346 abundare
334 2305 359 2346 et
371 2299 519 2360 spumantia
532 2314 624 2362 cogere
637 2301 730 2363 pressis

77 2387 156 2435 mella
169 2387 248 2446 lavis3
269 2387 307 2435 illi
322 2387 392 2436 tiliae
406 2394 483 2449 atque
495 2387 625 2437 uberrima
637 2390 722 2452 pinus,

77 2483 192 2538 quotque
204 2476 231 2523 in
244 2476 306 2524 flore
320 2490 387 2523 novo
401 2476 484 2538 pomis
498 2491 524 2526 se
537 2478 628 2526 fertilis
641 2478 717 2526 arbos

76 2563 197 2612 induerat
209 2565 316 2613 totidem
330 2571 453 2612 autumno
466 2572 567 2613 matura
580 2565 690 2614 tenebat.

76 2651 123 2700 ille
136 2652 212 2701 etiam
225 2668 295 2702 seras
308 2653 335 2700 in
348 2668 449 2701 versum
463 2654 563 2704 distulit
574 2655 663 2711 ulmos
