1816 2956
61 174 119 223 124
295 182 321 222 P.
339 181 460 221 vanem
476 180 606 221 MARONIS

129 340 175 391 illa
188 339 293 404 quidem
307 339 367 387 dnm
380 345 405 388 te
418 338 517 400 fugeret
529 353 575 401 per
586 338 692 387 flumina
705 352 837 401 praeceps,

130 430 261 474 inmanem
274 437 333 473 ante
346 428 425 487 pedes
439 427 549 486 hydrum
562 427 686 472 moritura
699 427 787 489 puella

129 519 274 561 servantem
286 512 356 574 ripas
369 513 423 560 aita
436 526 488 560 non
501 513 565 560 vidit
577 513 604 559 in
617 513 706 562 herba.

60 605 111 649 460
131 606 158 649 at
170 599 264 648 chorus
277 598 392 660 aequalis
406 598 532 659 dryadum
546 600 658 647 clamore
671 616 803 660 supremos

129 688 262 752 inplerunt
273 693 383 745 montes,
398 687 491 735 flerunt
504 685 671 748 Rhodopeiae
684 702 756 735 arces

130 778 235 840 altaque
247 777 370 850 Pangaea
383 783 408 825 et
420 774 497 823 Rhesi
511 775 637 824 Mavortia
651 775 726 824 tellus

131 873 208 929 atque
221 863 301 914 Getae
314 872 392 928 atque
404 864 503 912 Hebrus
518 872 543 912 et
554 865 644 914 Actias
658 865 785 928 Orithyia.

130 956 187 1019 ipse
200 970 262 1004 cava
275 955 362 1003 solans
375 968 481 1015 aegrum
494 954 621 1002 testudine
637 970 751 1003 amorem

60 1050 111 1095 465
131 1053 164 1105 te,
181 1044 263 1093 dulcis
277 1044 400 1101 coniunx,
416 1050 441 1090 te
453 1043 510 1093 solo
524 1043 551 1089 in
564 1043 639 1091 litore
653 1059 748 1103 secum,

131 1141 156 1184 te
168 1133 286 1182 veniente
299 1133 349 1190 die,
365 1139 390 1180 te
403 1131 542 1181 decedente
556 1132 672 1181 canebat.

131 1222 273 1275 Taenarias
286 1221 363 1270 stiam
376 1220 476 1279 fauces,
491 1221 545 1271 alta
558 1221 624 1269 ostiu
636 1221 714 1278 Ditis,

133 1318 159 1361 et
171 1311 327 1373 caligantem
340 1311 414 1372 nigra
427 1309 563 1358 formidine
576 1311 663 1358 lucum

132 1400 264 1462 ingressus
276 1413 416 1462 manesque
429 1399 494 1447 adiit
506 1413 643 1461 regemque
657 1399 818 1447 tremendum

64 1493 115 1540 470
134 1489 273 1551 nesciaque
286 1488 404 1537 humanis
419 1486 538 1550 precibus
550 1502 728 1536 mansuescere
741 1487 829 1535 eorda.

134 1584 161 1627 at
173 1583 251 1626 cantu
264 1584 408 1625 commotae
421 1575 498 1624 Erebi
512 1577 544 1624 dc
557 1575 660 1624 sedibus
674 1576 731 1623 imis

134 1665 241 1715 umbrae
252 1665 326 1714 ibant
338 1672 427 1712 tenues
440 1665 630 1727 simulacraque
643 1666 700 1713 luce
719 1672 861 1723 carentum,

135 1770 214 1818 quam
226 1754 307 1802 multa
319 1754 346 1800 in
360 1753 429 1801 soliis
443 1753 528 1804 aizium
541 1768 568 1801 sc
581 1753 654 1802 milia
667 1751 791 1811 condunt,

134 1842 233 1906 Vesper
245 1843 289 1891 ubi
302 1849 347 1891 aut
360 1842 480 1891 hibernus
494 1843 549 1904 agit
561 1843 592 1890 de
605 1843 734 1890 montibus
748 1842 839 1901 imber,

65 1937 116 1983 475
136 1940 230 1982 matres
244 1940 321 1994 atque
334 1932 380 1978 viri
395 1931 567 1992 defunct-aque
580 1946 689 1993 corpora
701 1932 753 1979 vita

136 2021 331 2084 magnanimum
345 2021 467 2080 heroum,
487 2021 560 2082 pueri
574 2020 749 2082 innuptaeque
762 2019 861 2081 puellae

137 2110 295 2174 inpositique
308 2110 378 2172 rogis
391 2110 495 2157 iuvenes
509 2117 568 2158 ante
582 2124 628 2158 ora
641 2116 792 2170 parentum3

138 2214 202 2263 quos
216 2199 312 2249 circum
325 2199 402 2246 limus
416 2199 489 2260 niger
502 2205 526 2245 et
540 2198 661 2246 deformis
674 2197 793 2246 harundo

139 2287 229 2351 Cocyti
243 2288 367 2350 tardaque
380 2288 455 2350 palus
467 2286 615 2335 inamabilis
628 2287 697 2334 unda

67 2384 118 2429 ⁴80
138 2379 230 2440 alligat
243 2385 267 2426 et
279 2378 386 2425 noviens
400 2376 464 2439 Styx
476 2375 600 2424 interfusa
613 2383 721 2424 coercet

139 2467 201 2531 quin
214 2467 285 2529 ipsae
299 2472 418 2527 stupuere
432 2465 523 2512 domus
536 2471 614 2526 atque
627 2464 718 2512 intima
731 2463 788 2511 Leti

138 2556 248 2604 Tartara
261 2554 445 2615 caeruleosque
457 2554 578 2617 inplexac
592 2553 704 2602 crinibus
717 2566 815 2614 angues

141 2644 288 2694 eumenides
302 2643 433 2706 tenuitque
446 2643 548 2693 inhians
562 2642 611 2692 tria
625 2640 752 2691 Cerberus
765 2655 811 2690 ora
