1816 2956
313 191 461 232 neanrnos
479 191 567 230 arana
580 190 612 230 11.
800 173 856 230 tta

63 357 114 400 245
135 358 161 399 ct
173 358 316 398 monstrum
328 349 420 397 infelix
433 356 535 397 secreta
548 345 660 396 sistimus
674 362 740 396 arce.

134 447 196 488 tunc
210 439 288 487 etiam
301 438 360 486 fatis
373 438 456 500 aperit
469 435 616 485 Cassandra
629 437 720 485 futuris

135 543 191 587 ora,
207 528 248 576 dei
261 527 331 574 iussu
345 540 398 573 non
411 541 534 589 umquam
548 526 645 583 credita
657 526 772 574 Teucris.

134 631 182 664 nos
196 615 303 664 delubra
316 616 393 664 deum
405 615 501 672 miseri,
518 615 610 677 quibus
624 615 730 662 ultimus
743 622 810 664 esset

133 705 180 754 ille
193 704 256 763 dies,
272 704 337 752 festa
348 704 464 752 velamus
477 703 568 752 fronde
580 717 627 766 per
638 703 737 752 urbem.

63 800 114 844 250
170 793 285 842 Vertitur
297 793 396 840 interea
409 793 509 840 caelum
523 800 548 841 et
559 793 611 840 ruit
624 791 729 842 Oceano
742 807 804 854 nox,

133 882 266 931 involvens
279 881 371 929 umbra
384 896 480 942 magna
492 888 638 944 terramque
651 881 792 944 polumque

133 971 378 1034 Myrmidonumque
391 970 474 1028 dolce,
490 971 540 1018 lusi
553 985 599 1033 per
611 970 715 1018 moenie
729 970 821 1019 Teucri

135 1060 290 1119 conticuere,
307 1074 385 1121 sopor
398 1060 478 1108 sessos
492 1060 663 1122 conplectitur
677 1066 755 1107 artus.

134 1157 160 1198 et
171 1148 224 1197 iam
236 1149 334 1210 Argiva
347 1148 463 1211 phalanx
476 1149 606 1197 instructis
619 1148 727 1195 navibus
740 1148 795 1196 ibat

62 1243 113 1286 255
134 1252 150 1285 a
162 1237 279 1295 Tenedo,
295 1237 389 1284 tacitae
402 1252 447 1300 pcr
460 1238 543 1285 amica
556 1237 660 1285 silentia
673 1237 751 1285 lunae

134 1326 212 1374 litora
224 1334 288 1374 nota
299 1334 398 1389 petens,
413 1327 529 1374 flammas
544 1342 601 1374 cum
614 1327 686 1388 regia
699 1325 792 1390 puppis

133 1415 262 1464 extulerat
274 1415 385 1478 latisque
399 1416 475 1463 doum
489 1415 608 1463 defensus
621 1415 717 1478 iniquis

132 1504 246 1553 inclusos
259 1512 333 1552 utero
346 1504 452 1552 Danaos
467 1512 492 1552 et
504 1505 581 1567 plnea
594 1505 681 1552 furtim

132 1592 206 1641 laxet
218 1593 330 1641 claustra
344 1592 435 1643 Sinon.
463 1594 522 1641 illos
536 1593 679 1655 patefactus
693 1592 725 1640 ad
740 1582 815 1641 auras

61 1687 112 1730 260
132 1682 217 1730 reddit
230 1696 289 1730 ecus
304 1682 416 1744 lectique
431 1697 493 1730 cavo
507 1697 533 1731 sc
546 1683 640 1730 robore
653 1689 776 1744 promunt

131 1771 310 1819 Thessandrus
325 1770 514 1834 Sthenelusque
528 1772 604 1820 duces
618 1779 643 1820 et
656 1771 726 1818 dirus
739 1769 837 1830 Ulixes,

131 1860 272 1908 demissum
285 1861 350 1923 lapsi
365 1875 410 1922 per
423 1861 524 1919 sunem,
544 1862 708 1922 Acamasque
721 1858 860 1921 Thoasque

130 1948 285 2011 Pelidesque
297 1949 482 2012 Neoptolemus
497 1949 645 2011 primusque
659 1947 789 1996 Machaon

101 2090 106 2097 ,
130 2045 156 2086 ct
167 2037 302 2086 Menelaus
317 2039 409 2101 etipse
423 2039 477 2086 doli
491 2038 631 2085 fabricator
643 2037 736 2100 Epeos.

59 2131 109 2175 265
130 2126 257 2174 invadunt
269 2127 358 2175 urbem
371 2142 463 2175 somne
476 2127 587 2189 vinoque
601 2128 737 2190 sepultam,

130 2216 274 2264 caeduntur
285 2216 376 2278 vigiles
390 2217 522 2278 portisque
536 2215 682 2277 patentibus
696 2230 785 2264 omnes

130 2305 262 2367 accipiunt
274 2305 357 2352 socios
372 2312 448 2367 atquc
462 2305 567 2366 agnrina
581 2305 685 2352 conscia
697 2305 816 2366 iungunt.

165 2393 280 2456 Tempus
294 2401 349 2442 crat
362 2409 413 2456 quo
427 2393 510 2456 prima
524 2394 596 2456 quies
610 2393 762 2441 mortalibus
775 2393 858 2455 aegris

129 2482 221 2544 incipit
234 2491 259 2530 ct
272 2484 341 2530 dono
356 2483 441 2531 divom
454 2482 603 2545 gratissima
616 2482 702 2544 serpit.

55 2576 108 2620 270
129 2572 156 2619 in
169 2573 267 2619 somnis
281 2587 340 2620 cccc
353 2578 413 2619 ante
426 2572 516 2619 oculos
530 2570 714 2618 maestissimus
729 2570 824 2619 Hector

128 2661 197 2708 risus
211 2661 301 2709 adesse
314 2660 376 2707 mihi
391 2660 533 2725 largosque
547 2659 686 2710 offundere
696 2658 790 2716 hetia„
