1816 2956
255 207 404 248 AENEIDOS
422 210 510 250 LIBER
525 212 555 250 V.
741 205 799 252 261

75 367 165 415 tertius
178 366 304 427 Euryalus
315 383 321 424 ;

75 456 268 517 Euryalumque
281 454 404 517 Helymus
424 456 554 517 sequitur;
575 473 627 519 quo
646 459 739 506 deinde
757 459 803 506 sub

378 544 434 606 ipso

75 648 135 681 ecce
148 634 218 681 volat
231 633 379 694 calcemque
394 633 452 680 terit
465 633 516 679 iam
530 633 600 681 calce
613 634 715 694 Diores,

29 728 54 771 25
75 722 227 770 incumbens
241 737 345 780 umero;
366 723 450 784 spatia
463 722 520 769 etsi
533 723 608 784 plura
621 724 756 784 supersint,

75 817 190 858 transeat
203 811 304 872 elapsus
317 811 387 872 prior
401 810 580 871 ambiguomre
593 811 730 873 relinquat.

74 899 179 961 iamque
192 899 244 946 fere
257 900 340 961 spatio
355 907 468 947 extremo
483 899 594 961 fessique
608 900 653 946 sub
668 901 750 961 ipsam

75 988 153 1035 finem
166 987 347 1045 adventabant,
363 989 410 1036 levi
426 1004 484 1035 cum
497 989 622 1048 sangnine
635 987 711 1036 Nisus

75 1076 170 1124 labitur
183 1076 283 1136 infelix,
299 1076 379 1124 caesis
392 1085 420 1124 ut
433 1077 498 1125 forte
512 1077 624 1124 iuvencis

29 1170 57 1213 30
75 1165 147 1212 fusus
166 1165 273 1212 humum
293 1166 431 1227 viridisque
454 1181 530 1228 super
552 1165 723 1213 madefecerat
748 1167 804 1214 her·

378 1255 432 1301 bas.

75 1343 118 1390 hic
130 1343 229 1390 iuvenis
243 1343 295 1389 iam
308 1344 388 1390 victor
401 1358 480 1391 ovans
494 1343 601 1403 vestigia
614 1357 702 1405 presso

75 1430 145 1478 haud
159 1432 241 1478 tenuit
254 1431 362 1479 titubata
375 1433 441 1490 solo,
457 1432 500 1479 sed
515 1446 611 1494 pronus
624 1432 650 1478 in
664 1432 721 1493 ipso

77 1520 191 1568 concidit
203 1520 380 1582 inmundoquc
394 1521 454 1567 fimo
467 1535 591 1582 sacroque
606 1534 703 1567 cruore.

76 1623 129 1655 non
144 1616 228 1656 tamen
242 1609 356 1670 Euryali,
373 1624 424 1656 non
439 1610 482 1657 ille
497 1609 591 1656 oblitus
605 1623 737 1655 amorum:

29 1702 57 1746 35
77 1711 138 1744 nam
151 1712 206 1745 sese
220 1699 341 1759 opposuit
353 1697 424 1745 Salio
438 1713 484 1760 per
496 1698 596 1744 lubrica
609 1710 715 1757 surgens
726 1713 732 1755 3

76 1785 121 1833 ille
135 1792 220 1832 autem
232 1786 314 1847 spissa
327 1787 406 1833 iacuit
418 1788 548 1833 revolutus
561 1786 667 1834 harena.

77 1875 171 1922 emicat
184 1873 309 1936 Euryalus
325 1883 349 1922 et
362 1890 467 1922 munere
480 1876 561 1922 victor
574 1874 650 1922 ainici

76 1962 159 2025 prima
173 1971 242 2011 tenet
254 1964 398 2025 plausuque
411 1966 480 2012 volat
493 1964 647 2026 fremituque
661 1964 784 2011 secundo.

76 2060 135 2114 post
148 2052 271 2114 Helymus
285 2051 361 2109 subit,
378 2059 403 2099 et
416 2067 484 2100 nunc
497 2053 571 2100 tertia
585 2053 672 2114 palma
682 2052 784 2100 Diores.

29 2147 57 2190 lt]
78 2141 120 2188 hic
133 2149 215 2188 totum
229 2156 319 2188 caveae
334 2155 481 2188 consessum
494 2141 605 2202 ingentis
620 2149 645 2189 et
659 2156 704 2189 ora

76 2230 160 2292 prima
173 2239 276 2292 patrum
289 2231 389 2290 magnis
403 2229 488 2277 Salius
503 2230 657 2277 clamoribus
671 2231 753 2292 inplet

77 2327 243 2380 ereptumque
257 2319 318 2365 ‹lolo
332 2318 403 2365 reddi
417 2318 465 2365 sibi
479 2319 562 2380 poscit
574 2319 707 2366 honorem.

76 2414 175 2455 tutatur
187 2407 259 2454 favor
273 2407 422 2468 Euryalum,
438 2408 611 2469 lacrimaeque
625 2407 742 2463 decorae,

75 2497 174 2558 gratior
187 2504 212 2544 et
225 2497 333 2558 pulchro
347 2496 451 2543 veniens
464 2496 491 2542 in
505 2511 612 2558 corpore
624 2495 712 2542 virtus.

29 2591 57 2634 15
78 2587 183 2634 adiuvat
197 2593 221 2633 et
234 2599 330 2645 magna
342 2585 485 2648 proclamat
497 2599 560 2632 voce
571 2583 674 2641 Diores,

77 2675 121 2736 qui
134 2674 213 2722 subiit
223 2674 327 2736 palmae
340 2673 486 2738 frustraque
499 2671 756 2738 adpreenderunt
