1816 2956
51 155 110 202 252
289 165 316 205 Ρ.
332 165 453 206 vulteum
474 166 605 207 MARONIS

119 323 191 372 mille
199 323 266 375 iacit
277 323 362 371 varios
375 323 482 372 adverso
495 324 550 373 sole
564 326 672 374 colores.

67 415 100 459 90
120 411 245 474 obstipuit
256 411 312 460 visu
324 413 437 461 Aeneas.
464 412 510 462 ille
522 414 626 474 agmine
639 415 718 478 longo

119 500 224 550 tandem
236 500 303 549 inter
314 507 416 563 pateras
430 507 455 549 et
468 501 533 550 levia
546 503 641 565 pocula
654 519 758 568 serpens

118 588 259 652 libavitque
272 588 351 653 dapes
364 604 504 652 rursusque
516 591 638 640 innoxius
652 593 704 640 imo

117 677 241 726 successit
253 679 352 727 tumulo
365 684 391 727 et
403 678 510 741 depasta
523 680 616 728 altaria
628 680 713 742 liquit.

118 766 168 815 hoo
179 766 262 829 magis
274 766 392 830 inceptos
404 767 515 829 genitori
528 768 655 818 instaurat
667 769 788 828 honores,

65 858 97 902 95
116 855 229 905 incertus
243 853 389 904 Geniumne
402 857 452 906 loci
465 857 625 906 famulumne
637 858 751 921 parentis

116 958 172 993 esse
185 951 272 1007 putet3
293 945 378 994 caedit
390 944 463 995 binas
477 945 509 994 de
521 960 593 994 more
606 945 726 1005 bidentis,

117 1039 206 1096 totque
218 1047 286 1094 sues,
301 1034 409 1083 totidem
421 1035 549 1097 nigrantis
562 1041 635 1096 terga
647 1035 769 1085 iuvencos
780 1052 786 1095 ;

116 1121 228 1185 vinaque
240 1121 365 1172 fundebat
376 1122 471 1185 poteris
484 1123 649 1186 animumque
662 1124 772 1174 vocabat

117 1211 248 1261 Anchisae
261 1211 349 1274 magni
362 1212 498 1274 manisque
510 1212 660 1261 Acheronte
673 1213 802 1262 remissos.

48 1305 98 1348 100
117 1314 231 1350 necnon
244 1307 269 1350 et
281 1299 354 1359 socii,
370 1314 437 1363 quae
450 1300 543 1363 cuique
556 1308 594 1349 est
607 1301 691 1364 copia,
707 1301 769 1350 laeti

117 1390 186 1439 dona
198 1389 292 1448 ferunt,
308 1396 417 1437 onerent
430 1396 665 1452 nrnsmactantque
676 1390 815 1450 iuvencos3

116 1479 206 1528 ordine
220 1492 285 1529 aeno
297 1479 385 1526 locant
398 1477 440 1525 alii
455 1477 557 1541 fusique
570 1493 616 1541 per
628 1479 735 1527 herbam

116 1567 246 1616 subiciunt
258 1567 358 1616 veribus
371 1581 468 1630 prunas
482 1574 507 1616 et
519 1567 616 1616 viscera
629 1575 735 1616 torrent.

150 1657 294 1721 Expectata
306 1657 360 1705 dies
374 1656 463 1704 aderat
475 1671 623 1719 nonamque
636 1670 727 1705 serena

47 1751 95 1794 105
114 1747 245 1795 Auroram
258 1745 427 1798 Phaethontis
441 1746 500 1808 equi
514 1745 565 1794 iam
579 1746 636 1794 luce
648 1745 785 1806 vehebant,

115 1835 236 1898 famaque
248 1835 371 1884 finitimos
385 1842 411 1883 et
423 1835 485 1883 clari
498 1849 594 1883 nomen
607 1835 718 1883 Acestae

115 1924 242 1982 excierat3
263 1924 331 1972 laeto
345 1922 502 1986 conplebant
513 1923 590 1971 litora
603 1931 687 1982 coetu,

114 2013 192 2060 visuri
206 2013 353 2072 Aeneadas,
369 2028 427 2076 pars
442 2020 467 2060 et
479 2019 576 2060 certare
589 2013 681 2075 parati.

114 2116 222 2150 munera
234 2102 361 2164 principio
375 2109 435 2150 unte
448 2102 537 2149 oculos
552 2102 672 2164 circoque
685 2102 807 2151 locantur

46 2196 94 2238 110
113 2191 140 2238 in
154 2190 249 2249 medio,
265 2191 330 2239 sacri
344 2191 457 2253 tripodes
470 2190 614 2253 viridesque
629 2205 741 2239 coronae

113 2287 139 2328 et
150 2281 253 2343 palmae
266 2280 377 2343 pretium
389 2280 537 2343 victoribus,
554 2294 677 2343 armaque
691 2285 716 2327 et
728 2287 800 2328 ostro

113 2370 234 2431 perfusae
246 2377 336 2428 vestes,
352 2369 452 2431 argenti
466 2369 574 2431 aurique
588 2370 729 2427 talentum3

114 2464 139 2506 et
151 2457 213 2506 tuba
226 2459 377 2507 commissos
390 2458 476 2506 medio
490 2458 560 2506 canit
573 2472 666 2519 aggere
680 2459 766 2505 ludos.

112 2547 196 2610 prima
208 2561 283 2609 purcs
296 2547 386 2595 ineunt
398 2546 518 2609 gravibus
532 2546 673 2595 certamina
686 2547 764 2594 rcrnis

28 2637 84 2680 115
104 2644 233 2698 quattuor
245 2650 278 2686 ex
292 2636 363 2685 omni
378 2636 494 2686 delectae
506 2636 589 2685 classe
602 2636 714 2686 carinae.
