1816 2956
110 168 171 216 000
467 175 552 216 cluis.

125 339 158 382 25
179 348 237 381 cum
250 333 313 380 levis
327 334 427 381 alterno
441 333 565 396 zephyrus
579 333 743 382 concrebruit
756 349 822 383 euro

177 429 203 470 et
215 436 297 484 prono
311 422 446 483 gravidum
459 422 575 485 provexit
588 423 702 484 pondere
716 436 831 472 currum.

178 509 241 559 felix
254 510 300 557 illa
314 510 378 568 dics,
396 511 459 558 felix
472 518 497 559 et
509 510 604 558 dicitur
616 525 710 569 annus,

177 599 266 648 felices
279 599 323 662 qui
336 599 416 647 talem
429 614 525 646 annum
539 599 625 647 videre
638 600 769 663 diemque.

178 703 240 750 crgo
253 688 388 737 Palladiae
401 695 523 735 texuntur
535 689 562 736 in
575 689 666 736 ordine
679 704 795 750 pugnae,

125 783 158 825 ³0
178 792 273 839 magna
285 777 412 838 giganteis
426 784 551 824 ornantur
563 778 640 840 pepla
653 779 777 840 tropaeis,

177 866 283 914 horrida
295 865 439 926 sanguineo
451 865 593 928 pinguntur
606 865 706 928 proelia
719 881 811 926 cocco,

178 955 280 1002 additur
292 960 383 1003 aurata
396 953 509 1002 deiectus
523 954 628 1016 cuspide
641 954 764 1016 Typhon,
783 986 788 993 ·

177 1045 221 1106 qui
235 1043 313 1105 prius,
330 1041 434 1090 Ossaeis
448 1049 614 1090 consternens
627 1042 734 1090 aethera
746 1044 828 1103 saxis,

177 1131 297 1178 Emathio
312 1131 409 1180 celsum
422 1131 572 1194 duplicabat
583 1131 677 1180 vertice
690 1130 844 1194 Olympum.

124 1224 157 1267 35
177 1221 228 1267 tale
242 1220 305 1268 deae
318 1220 402 1268 velum
416 1220 536 1268 sollemni
550 1228 665 1282 tempore
678 1227 803 1282 portant3

177 1309 222 1357 tali
237 1315 261 1356 te
273 1309 373 1368 vellem,
389 1308 510 1357 iuvenum
523 1308 680 1365 doctissime,
696 1307 748 1355 ritu

176 1412 319 1460 purpureos
333 1399 399 1445 inter
411 1398 478 1445 soles
492 1405 517 1445 et
530 1397 642 1446 candida
654 1397 733 1445 lunae

177 1487 270 1545 sidera,
288 1487 412 1542 caeruleis
426 1487 515 1534 orbem
528 1485 660 1548 pulsantia
672 1485 750 1546 bigis,

177 1582 284 1623 naturae
297 1590 382 1623 rerum
395 1575 496 1635 magnis
509 1575 624 1622 intexere
638 1573 751 1633 chartis3

125 1670 158 1712 40
178 1673 310 1713 aeternum
324 1664 431 1726 sophiae
445 1664 610 1711 coniunctum
625 1663 739 1711 carmine
753 1679 850 1713 nomen

177 1762 265 1802 nostra
278 1762 350 1800 tuum
363 1752 466 1801 senibus
481 1753 628 1813 loqueretur
641 1752 738 1814 pagina
751 1754 855 1801 saeclis.

177 1843 220 1890 sed
230 1843 354 1905 quoniam
362 1842 393 1890 ad
403 1848 486 1890 tantas
495 1855 563 1888 nunc
571 1841 682 1903 primum
691 1841 825 1890 nascimur
832 1850 890 1889 artes

177 1947 246 1978 nunc
259 1931 370 1992 primum
384 1937 484 1978 teneros
498 1929 629 1977 firmamus
642 1928 736 1976 robore
750 1944 854 1988 nervos,

177 2020 241 2066 haec
254 2026 339 2066 tamon
354 2020 460 2076 interea,
477 2031 543 2079 quae
553 2031 698 2079 possumus,
715 2018 741 2063 in
751 2019 890 2080 quibusaei

124 2113 156 2155 45
177 2108 259 2169 prima
272 2107 418 2154 rudimenta
431 2114 455 2154 et
467 2107 563 2168 primos
577 2106 710 2166 exegimus
723 2121 819 2167 annos,

177 2196 264 2257 accipe
279 2196 347 2243 dona
361 2211 418 2242 meo
432 2196 541 2243 multum
554 2194 659 2254 vigilata
674 2194 766 2243 labore

177 2284 304 2345 promissa
318 2292 394 2344 atquc
408 2285 451 2331 diu
465 2285 517 2332 iam
530 2283 634 2331 tandem
649 2317 762 2330 .......

176 2373 256 2434 impia
270 2372 393 2434 prodigiis
407 2380 435 2419 ut
449 2373 581 2434 quondam
594 2372 716 2419 exterrita
729 2374 828 2421 amoris

176 2458 264 2522 Scylla
277 2474 356 2507 novos
372 2461 455 2507 avium
470 2461 586 2508 sublimis
600 2461 625 2507 in
640 2474 699 2508 acre
714 2468 806 2509 coetus

124 2550 156 2594 50
176 2549 268 2595 viderit
281 2557 305 2596 ct
318 2549 387 2596 tenui
402 2551 578 2597 conscendens
592 2549 697 2597 aethera
710 2549 795 2610 pinna

177 2638 300 2685 caeruleis
314 2653 362 2686 sua
375 2645 441 2686 tecta
455 2635 678 2700 supervolitaverit
691 2639 751 2696 alis,
