1816 2956
84 185 144 233 276
321 195 347 234 r.
364 194 486 234 venerer
505 194 636 235 Minurus

152 352 222 400 hunc
235 366 299 414 cape
312 351 426 399 consiliis
446 351 545 399 socium
559 358 584 400 et
596 352 725 413 coniunge
737 352 878 412 volentem,

152 441 212 489 huic
225 441 297 489 trade
311 441 411 488 amissis
424 448 547 503 superant
560 441 603 503 qui
616 441 723 488 navibus
737 448 762 488 et
774 456 840 503 quos

152 537 298 591 pertaesum
311 529 398 590 magni
411 529 507 591 incepti
521 543 658 592 rerumque
671 536 813 589 tuarumst;

84 621 133 667 715
153 619 345 680 longaevosque
358 631 431 666 senes
445 633 475 665 ac
489 618 568 666 sesses
583 633 694 681 aequore
707 626 802 667 matres

152 713 178 755 et
190 706 316 770 quidquid
329 714 414 754 tecum
427 707 568 754 invalidum
584 714 752 769 metuensque
765 709 881 770 periclist

154 796 239 857 delige
252 795 328 843 ethis
343 795 455 844 habeant
468 796 540 843 terris
553 796 608 843 sine
621 797 725 844 moenia
737 796 815 856 fessi3

153 885 243 932 urbem
256 884 424 947 appellabunt
435 884 560 946 permisso
574 885 678 933 nomine
691 877 835 934 Acestam.³

188 973 296 1021 Talibus
310 973 429 1020 incensus
444 973 517 1020 dietis
531 973 639 1021 senioris
653 974 729 1022 amici

84 1065 97 1112 7
102 1067 134 1110 20
154 1068 209 1110 tum
221 1076 280 1109 vero
293 1061 321 1108 in
334 1076 408 1110 cures
422 1062 536 1108 animum
551 1062 680 1109 diducitur
694 1063 787 1110 omnis.

153 1158 178 1199 et
190 1150 249 1198 Nox
262 1157 318 1198 atra
330 1152 419 1213 polum
432 1151 498 1212 bigis
512 1151 633 1199 subvecta
645 1150 764 1199 tenebat:

152 1240 207 1287 vise
218 1238 313 1288 dehinc
327 1241 398 1288 eaelo
412 1239 490 1288 facies
504 1240 611 1302 delapsa
624 1241 736 1302 parentis

152 1328 284 1377 Anchisae
296 1328 381 1376 subito
394 1328 453 1375 talis
467 1329 597 1377 effundere
609 1344 692 1377 voces.

149 1408 229 1476 ‘nate
245 1417 307 1465 mihi
321 1418 372 1464 vita
386 1417 526 1478 quondam,
543 1418 604 1465 dum
617 1419 668 1465 vita
680 1419 812 1479 manebat,

84 1510 132 1554 725
153 1521 211 1554 care
224 1507 320 1569 magis,
336 1512 409 1565 nete,
424 1506 510 1555 Iliacis
524 1506 715 1565 exercitemus,

151 1595 260 1658 imperio
273 1595 340 1642 Iovis
354 1595 404 1642 huc
417 1595 500 1653 venio,
517 1596 561 1657 qui
576 1595 700 1643 classibus
713 1597 802 1657 ignem

152 1683 251 1746 depulit
264 1691 289 1732 et
302 1685 374 1732 caelo
388 1684 492 1732 tandem
505 1684 640 1732 miseratus
653 1684 684 1730 ab
699 1686 786 1733 altost.

152 1773 266 1828 consiliis
279 1787 350 1834 pare,
367 1787 432 1835 quae
446 1787 514 1820 nunc
527 1773 701 1834 pulcherrime
713 1771 811 1821 Nautes

152 1862 196 1908 dut
208 1861 310 1920 seni0r3
331 1862 411 1909 lectos
424 1861 537 1919 iuvenes,
553 1862 693 1909 fortissime
705 1862 794 1920 corda,

81 1953 131 1999 730
152 1951 223 1998 defer
235 1950 260 1996 in
275 1950 388 1997 Italiam.
427 1964 490 2011 gens
505 1951 569 1997 dura
583 1957 659 2012 atque
673 1965 765 2012 aspera
778 1953 851 2000 cultu

151 2038 306 2086 debellanda
318 2039 365 2086 tibi
378 2039 454 2086 Latio
469 2047 513 2086 est.
553 2039 621 2086 Ditis
635 2047 722 2086 tamen
736 2047 797 2088 ante

151 2127 264 2175 infernas
278 2128 372 2175 accede
385 2128 475 2175 domos
490 2135 515 2175 et
526 2129 630 2175 Averna
644 2128 755 2189 peralta

151 2230 303 2277 congressus
316 2223 383 2278 pete,
399 2225 471 2274 nate,
487 2231 566 2264 meos.
594 2231 647 2263 non
659 2231 701 2264 me
713 2217 795 2279 impia
808 2233 879 2267 nem·

452 2320 501 2368 que

150 2393 260 2441 Tartara
283 2393 379 2441 habent
404 2394 518 2441 tristesve
541 2394 661 2452 umbrae,
695 2393 739 2441 sed
769 2409 880 2444 amoena

450 2483 552 2544 piorum

81 2574 130 2620 735
151 2570 262 2619 concilia
275 2571 442 2633 Elysiumque
456 2572 524 2619 colo.
552 2571 602 2619 huc
616 2578 688 2619 casta
700 2570 803 2634 Sibylla
871 2589 875 2597 ·

138 2661 277 2724 nigrarum
291 2661 376 2712 multu
390 2660 521 2728 pecudum
531 2666 557 2708 te
568 2660 693 2722 sanguine
706 2661 793 2710 ducet.
