1816 2956
61 187 120 236 382
299 197 325 236 P.
342 196 464 235 truamur
482 196 614 236 ussurus

86 361 88 364 ’
129 367 219 414 rumpe
232 367 318 400 moras
332 353 415 399 omnis
429 362 454 400 et
466 353 568 402 turbata
581 353 665 415 arripe
679 346 786 402 castra?

129 442 194 488 dixit
207 441 270 488 etin
284 442 384 489 caelum
398 441 501 502 paribus
515 456 542 490 se
555 441 658 489 sustulit
670 441 719 489 alis

78 536 108 578 15
128 529 311 591 ingentemque
324 530 385 591 fuga
398 531 479 579 secuit
492 531 538 578 sub
552 529 664 577 nubibus
678 545 778 578 arcum.

129 618 252 679 adgnovit
264 618 362 666 iuvenis
376 619 538 681 duplicisque
551 619 582 666 ad
597 619 682 666 sidera
694 619 798 681 palmas

129 707 231 754 sustulit
244 722 274 754 ac
287 707 332 755 tali
345 706 486 768 fugientem
500 715 538 755 est
550 722 612 755 voce
625 715 737 754 secutus.

126 785 180 854 ‘Iri‚
197 796 274 843 decus
289 795 362 854 caeli,
379 796 436 858 quis
449 804 474 844 te
487 796 550 843 mihi
564 795 676 842 nubibus
690 802 778 844 actam

129 884 221 932 detulit
233 884 259 930 in
273 884 371 932 terras?
390 884 459 932 unde
472 883 537 932 haec
550 892 602 932 tam
616 885 687 932 clara
700 894 809 946 repente

76 977 109 1020 20
129 973 285 1034 tempestas?
304 973 417 1020 medium
430 973 504 1020 video
519 973 649 1020 discedere
663 973 777 1032 caelum,

128 1061 291 1124 palantisque
305 1062 366 1123 polo
380 1061 476 1109 stellas.
505 1075 600 1123 sequor
613 1061 702 1108 omina
715 1068 800 1120 tanta,

128 1150 245 1212 quisquis
258 1150 285 1197 iu
299 1164 371 1197 arma
383 1141 481 1197 vocas'
509 1157 534 1197 et
551 1149 588 1197 sic
606 1150 697 1197 effatus
715 1151 750 1197 ad
763 1152 846 1200 undar

128 1239 254 1301 processit
266 1252 417 1300 summoque
430 1238 516 1285 hausit
529 1239 560 1286 de
573 1239 674 1300 gurgite
688 1239 820 1302 lymphas,

128 1327 209 1374 nrulta
222 1328 284 1374 deos
297 1341 383 1385 orans,
399 1328 566 1388 oneravitque
579 1327 683 1375 aethera
696 1329 774 1376 votis.

76 1420 108 1462 25
163 1415 270 1477 Iamque
284 1415 366 1462 omnis
381 1416 477 1477 campis
491 1416 617 1464 exercitus
630 1415 685 1463 ibat
698 1420 806 1479 apertis,

129 1504 198 1551 dives
212 1518 315 1565 equom,
331 1501 400 1551 divos
413 1504 491 1566 pictai
504 1505 578 1552 vestis
593 1511 617 1552 et
631 1505 700 1552 auri:

128 1592 263 1654 Messapus
276 1593 372 1655 primas
385 1593 463 1651 aeica,
479 1600 610 1655 postrema
623 1601 745 1641 coercent

128 1680 270 1743 Tyrrhidae
283 1682 396 1739 iuvenes,
412 1682 497 1729 medio
512 1683 565 1729 dux
578 1682 681 1742 agmine
695 1682 804 1732 Turnus

129 1783 175 1817 ceu
189 1778 285 1832 septem
299 1785 406 1831 surgens
420 1771 514 1819 sedatis
529 1770 647 1819 amnibus
660 1770 728 1818 altus

75 1863 108 1906 30
128 1873 173 1920 per
187 1859 292 1905 tacitum
307 1857 410 1918 Ganges
425 1868 469 1905 aut
482 1859 571 1920 pingui
585 1859 690 1906 flumine
703 1858 782 1909 Nilus

128 1962 187 1994 cum
200 1946 283 1993 refluit
296 1947 392 2008 campis
407 1954 431 1993 et
444 1947 496 1993 iam
509 1962 535 1995 se
549 1947 664 1995 condidit
678 1948 766 1996 alveo.

128 2035 169 2083 hic
182 2034 293 2082 subitam
307 2035 380 2095 nigro
394 2037 532 2097 glomerari
546 2037 649 2098 pulvere
664 2037 762 2086 nubem

128 2124 286 2186 prospiciunt
300 2123 393 2172 Teucri
408 2140 437 2172 ac
451 2125 568 2172 tenebras
582 2125 716 2185 insurgere
730 2130 842 2191 campis.

127 2213 224 2274 primus
239 2213 270 2260 ab
285 2213 391 2260 adversa
404 2214 551 2261 conclamat
564 2214 632 2260 mole
646 2212 742 2261 Caicus

74 2306 107 2348 35
124 2290 193 2363 ‘quis
206 2301 308 2362 globus,
325 2315 339 2348 o
354 2301 429 2360 cives,
446 2301 557 2361 caligine
570 2301 680 2348 volvitur
694 2305 770 2351 atra!

127 2390 190 2438 ferte
203 2390 246 2438 citi
259 2390 363 2448 ferrum,
379 2390 437 2437 date
451 2391 510 2446 tela,
527 2390 657 2437 ascendite
670 2405 771 2451 muros,

120 2479 205 2531 hostis
218 2479 302 2542 adest,
319 2469 402 2529 heiai’
427 2479 527 2541 ingenti
539 2479 652 2526 clamore
665 2493 711 2540 per
725 2483 814 2530 omnis

111 2577 238 2627 condunt
251 2592 281 2628 se
294 2573 395 2626 Teucri
408 2579 502 2638 portas
515 2576 541 2617 et
550 2566 657 2616 moenia
667 2568 801 2625 conplent.

98 2683 229 2740 namque
245 2673 286 2725 ita
301 2669 458 2722 discedens
469 2660 648 2730 praeceperat
659 2649 775 2710 optimus
788 2652 846 2695 arnt
