1816 2956
69 197 105 246 22
305 207 331 245 Ρ.
348 205 470 245 vaaomr
489 203 619 243 uaaours

85 371 116 412 10
136 371 225 427 captus
238 377 326 412 amore
339 364 415 424 leget,
431 369 456 410 ts
468 367 581 419 nostrae,
597 360 674 419 Vare,
690 360 814 422 myricae,

133 459 157 501 te
171 467 260 501 nemus
276 467 352 500 omne
365 457 455 509 canet;
475 464 522 496 neo
535 447 641 496 Phoebo
655 449 753 510 gratior
766 449 846 499 ullast

133 557 212 603 quam
224 541 274 588 sibi
288 555 354 602 quae
367 539 429 587 Vari
443 537 608 601 praescripsit
620 538 718 599 pagina
730 552 837 587 nomen.

167 629 279 690 Pergite,
294 629 417 676 Pierides.
446 625 566 675 Chromis
576 633 601 673 et
607 626 739 687 Mnasylos
747 626 776 673 in
788 633 846 674 autr

133 717 249 766 Silenum
262 717 335 780 pueri
348 731 439 764 somno
453 715 538 763 videre
550 715 686 783 iacentem,

83 811 113 854 15
133 806 250 853 inflatum
263 806 383 853 hesterno
396 819 483 862 venas,
499 810 527 850 ut
538 817 647 865 semper,
662 802 774 862 Iacch03

133 901 201 942 serta
213 895 312 957 procul,
328 901 428 940 tanturn
442 892 520 954 capiti
534 892 649 953 delapsa,
664 891 788 939 iacebant

132 989 158 1030 et
170 982 254 1044 gravis
267 981 354 1029 attrita
366 981 495 1042 pendebat
508 980 645 1028 cantharus
660 994 732 1027 ansa.

133 1071 247 1132 adgressi
261 1070 334 1133 (nam
347 1084 423 1131 saepe
436 1084 515 1118 senex
527 1083 572 1131 spe
586 1069 706 1116 carminis
720 1068 801 1117 ambo

132 1157 240 1221 luserat)
253 1158 363 1206 iniciunt
375 1158 436 1219 ipsis
451 1173 483 1206 ex
495 1157 598 1205 vincula
615 1157 696 1204 sertis.

80 1252 113 1294 20
132 1247 204 1294 addit
217 1261 244 1295 se
257 1247 354 1295 sociam
367 1246 516 1308 timidisque
529 1244 674 1308 supervenit
686 1245 781 1306 Aegle,

132 1336 224 1396 Aegle,
240 1334 363 1382 naiadum
377 1334 559 1396 pulcherrima,
574 1334 678 1395 iamque
691 1333 791 1381 videnti

132 1423 281 1485 sanguineis
295 1423 405 1470 frontem
418 1423 495 1470 moris
510 1430 534 1470 et
547 1431 663 1485 tempora
675 1422 769 1484 pingit.

133 1513 178 1560 ille
192 1512 280 1559 dolum
293 1511 378 1558 ridens
388 1500 451 1575 ‘quo
465 1512 568 1559 vincula
581 1501 706 1559 nectitisi'
725 1511 821 1572 inquit.

130 1590 232 1648 ‘solvite
244 1613 294 1657 me,
309 1599 396 1661 pucri;
411 1599 472 1647 satis
486 1606 524 1646 est
536 1599 650 1660 potuisse
663 1599 752 1646 videri.

82 1695 114 1736 25
134 1689 249 1737 carnuna
262 1702 328 1750 quae
341 1688 416 1734 voltis
430 1687 593 1750 cognoscite3
615 1688 730 1734 carmina
742 1687 827 1746 vobis,

134 1777 195 1825 huic
208 1777 277 1824 aliud
291 1776 416 1824 merecdis
429 1767 496 1824 erit'
532 1775 608 1822 simul
621 1776 713 1838 incipit
725 1776 792 1837 ipse.

134 1872 188 1912 tum
201 1864 300 1912 veroin
314 1878 449 1912 numerum
466 1863 610 1925 faunosque
628 1864 747 1925 i'erasque
764 1866 846 1913 videre

135 1954 232 2010 ludere,
249 1959 303 1999 tum
317 1952 412 2013 rigidas
426 1959 524 1999 motare
537 1953 671 1999 cacumina
685 1967 811 2014 quercus,

135 2056 181 2090 nec
194 2047 294 2089 tantum
307 2040 413 2088 Phoebo
427 2040 523 2101 gaudet
535 2040 660 2087 Parnasia
673 2056 758 2102 rupea

82 2135 114 2177 30
134 2144 182 2178 nec
202 2137 302 2177 tantum
315 2129 441 2190 Rhodope
453 2129 560 2178 miratur
578 2135 603 2176 et
615 2129 728 2176 Ismarus
742 2130 846 2194 Orphea

134 2232 246 2280 namque
260 2218 369 2266 canebat
381 2217 418 2264 uti
432 2231 555 2278 magnum
567 2232 614 2279 per
627 2217 704 2265 inane
718 2229 813 2271 coacta

134 2307 233 2354 semina
245 2313 421 2367 terrarumque
435 2306 588 2367 animaeque
601 2306 709 2353 marisve
722 2306 834 2357 luissent

135 2400 160 2443 et
172 2395 263 2457 liquidi
277 2395 352 2442 simul
367 2394 434 2455 ignis
445 2410 451 2452 ;
470 2394 551 2441 uthis
565 2395 672 2441 exordia
684 2394 774 2456 primis

133 2483 221 2530 omnia
235 2489 259 2530 et
272 2483 327 2546 ipso
340 2489 412 2530 tener
424 2483 513 2530 mundi
527 2483 685 2530 concreverit
697 2483 767 2530 orbis
779 2501 786 2544 ;

57 2573 96 2613 35
117 2576 173 2618 tum
189 2572 287 2623 durare
299 2573 390 2624 solum
404 2581 432 2624 et
445 2573 594 2623 discludere
602 2571 691 2619 bleisa
699 2578 782 2630 poam

100 2661 227 2723 ⁰0⁶9erit
241 2673 271 2715 et
283 2682 378 2718 rerum
393 2664 548 2737 paullatim
559 2673 666 2711 sumere
676 2656 797 2711 lorinus,
