1816 2956
87 175 96 219 l
109 173 144 220 12
322 184 348 223 Ρ.
364 184 486 224 venerut
506 184 637 225 MARONIS

84 345 132 387 145
154 340 311 403 eduramque
324 341 408 404 pirum
422 349 447 390 et
459 342 547 405 spinos
560 342 613 390 iam
625 358 709 406 pruna
722 343 826 393 ferentis

152 430 256 493 iamque
267 430 456 479 ministrantem
467 430 600 493 platanum
608 433 757 494 potantibus
764 435 878 483 umbras.

152 533 239 567 verum
251 519 316 568 haee
328 519 384 582 ipse
397 520 516 582 equidem
529 521 618 583 spatiis
631 521 750 569 exclusus
767 523 862 585 iniquis

152 613 284 669 praetereo
297 615 374 670 atque
386 608 443 657 aliis
455 616 514 671 post
524 610 876 674 mememorandarelinquo.

187 695 262 745 Nunc
274 711 331 758 age,
347 704 453 746 naturae
466 697 557 759 apibus
571 713 635 760 quas
648 698 763 762 Iuppiter
775 699 830 762 ipse

84 789 132 832 150
152 786 252 833 addidit
264 787 409 849 expediam,
425 801 472 849 pro
486 802 538 849 qua
550 787 676 845 mercede,
693 802 802 836 canoros

153 872 275 923 Curetum
289 876 387 923 sonitus
401 876 604 938 crepitantiaque
617 891 677 924 aera
690 884 802 934 secutae,

151 963 260 1012 Dictaeo
273 964 338 1013 caeli
352 979 439 1025 regem
452 979 544 1027 parere
556 964 603 1012 sub
618 971 700 1012 antro.

151 1053 222 1100 solae
236 1068 384 1101 communes
397 1059 481 1112 nates,
497 1054 628 1101 consortia
641 1060 708 1101 tecta

151 1140 220 1189 urbis
229 1141 332 1201 habent,
346 1142 499 1205 magnisque
509 1141 661 1205 agitantsub
670 1142 770 1204 legibus
778 1158 876 1201 aevom,

82 1233 130 1276 155
151 1237 176 1278 ct
187 1231 298 1292 patriam
311 1231 383 1278 solae
396 1238 422 1279 et
434 1238 516 1279 certos
531 1246 624 1280 novere
637 1239 751 1293 penates,

150 1325 323 1382 venturaeque
336 1320 427 1368 hiemis
440 1335 566 1369 memores
580 1327 675 1369 aestate
688 1320 804 1368 laborem

151 1408 317 1470 experiuntur
330 1409 393 1456 etin
407 1410 519 1457 medium
533 1410 650 1472 quaesita
663 1419 799 1472 reponunt.

150 1511 262 1559 namque
276 1498 343 1546 aliae
356 1498 423 1545 victu
440 1497 577 1560 invigilant
590 1506 616 1546 ct
627 1498 730 1546 foedere
743 1507 820 1561 pacto

150 1594 301 1634 exercentur
315 1587 398 1648 agris3
419 1602 479 1649 pars
494 1587 562 1636 intra
575 1594 664 1650 saepta
678 1588 813 1635 domorum

82 1679 131 1722 160
151 1675 256 1724 narcissi
271 1676 404 1724 lacrimam
418 1683 442 1723 et
456 1676 553 1723 lentum
567 1676 598 1723 de
612 1676 706 1724 cortice
719 1677 807 1736 gluten

150 1764 233 1826 prima
245 1764 308 1812 favis
322 1772 423 1826 ponunt
435 1765 596 1822 fundamina,
612 1765 704 1812 deinde
717 1772 821 1812 tenaces

149 1853 309 1915 suspendunt
321 1867 408 1910 ceras3
430 1853 496 1901 aliae
509 1868 580 1915 spem
593 1854 675 1914 gentis
690 1854 792 1901 adultos

150 1941 356 2001 educunt'fetus3
377 1943 443 1990 aliae
457 1942 594 2004 purissima
606 1943 684 1989 mella

149 2032 246 2093 stipant
259 2039 283 2079 et
297 2032 396 2093 liquido
410 2031 559 2079 distendunt
573 2038 674 2078 nectare
689 2031 782 2088 cellas3

81 2123 129 2166 165
149 2127 209 2166 sunt
222 2120 314 2182 quibus
329 2122 360 2168 ad
375 2117 461 2182 po'rtas
475 2120 568 2168 cecidit
581 2121 698 2168 custodia
711 2120 772 2167 sorti

150 2208 227 2270 inque
241 2209 321 2256 vicem
335 2210 501 2271 speculantur
514 2224 595 2270 aquas
608 2215 633 2256 et
647 2209 736 2256 nubila
750 2209 814 2256 eacli

150 2303 194 2344 aut
207 2310 286 2344 onera
300 2297 430 2359 accipiunt
442 2297 587 2344 venientum
601 2305 645 2344 aut
658 2297 760 2358 agmine
775 2296 844 2344 saleto

149 2386 270 2446 ignavom
283 2385 355 2434 fucos
368 2401 446 2448 pecus
461 2401 475 2433 a
488 2385 655 2448 praesepibus
669 2393 765 2433 arcent.

149 2473 228 2522 servet
241 2491 314 2538 opus,
334 2476 501 2537 redolentque
515 2474 602 2536 thymo
616 2474 759 2535 fragrantia
772 2475 860 2522 mella.

81 2567 130 2611 170
150 2579 180 2611 ac
193 2565 270 2612 veluti
285 2565 360 2612 lentis
375 2563 501 2626 Cyclopes
516 2563 625 2611 fulmina
638 2563 729 2611 inassis

147 2669 206 2701 cum
217 2659 369 2716 properant,
386 2652 429 2700 alii
444 2652 551 2700 taurinis
565 2651 670 2699 follibus
684 2665 759 2699 auras
