1816 2956
63 204 123 254 566
417 210 503 252 cluis.

129 378 154 420 et
167 376 244 433 ceput
256 369 352 418 inflexa
363 370 462 418 lentum
475 369 573 419 cervice
585 368 722 428 recumbit,

57 465 108 507 450
127 473 272 506 marmoree
285 459 402 506 adductis
415 458 550 506 tabescunt
562 457 687 508 bracchia
701 460 788 507 nodis.

128 562 271 610 aequoreae
285 548 385 610 pristes,
400 546 516 595 inmania
529 560 639 610 corpore
651 547 738 610 ponti,

127 636 241 698 undique
255 636 411 684 conveniunt
424 642 449 683 et
461 635 556 696 glauco
569 635 595 681 in
608 635 714 696 gurgite
728 635 824 685 circum

127 724 230 773 verbere
243 724 385 772 ceudumm
398 731 476 785 etque
489 724 540 770 oris
555 723 710 771 minitantur
724 724 805 773 hiatu.

128 814 179 861 iam
193 813 298 861 tandem
311 827 386 861 cesus
400 811 547 870 hominum,
568 812 620 860 iam
634 813 746 874 respice,
761 813 834 861 Mine

57 908 107 951 455
127 903 160 949 sit
172 901 233 949 satis
246 901 306 960 hoc,
321 908 422 948 tuntum
435 898 550 962 Scyllam
563 899 656 948 vidisse
670 902 818 960 melorum

127 991 166 1038 vel
181 989 234 1037 fato
247 989 324 1037 fuerit
336 989 412 1036 uobis
424 989 489 1037 haec
503 987 590 1036 debite
602 989 692 1051 pestis,

127 1079 166 1127 vel
180 1093 241 1126 casu
254 1065 362 1136 inceito,
378 1077 470 1125 merite
482 1077 521 1124 vel
536 1076 649 1139 denique
663 1078 759 1142 culpa:

129 1167 217 1215 omnia
230 1181 290 1214 nuru
303 1167 389 1229 potius
402 1180 481 1228 quam
494 1172 518 1213 te
531 1165 622 1213 iecisse
635 1157 758 1229 putabo.’

163 1256 271 1303 Labitur
284 1256 382 1303 interce
395 1254 509 1302 resolute
522 1253 553 1301 ab
567 1253 643 1301 litore
657 1253 760 1314 classis,

58 1350 109 1393 460
129 1359 224 1406 mugue
236 1344 370 1406 repentino
384 1343 520 1390 sinuentur
532 1342 613 1390 lintea
626 1356 699 1401 coro,

128 1434 237 1481 flectitur
250 1433 276 1480 in
290 1432 364 1478 viridi
377 1445 462 1478 remus
475 1430 539 1489 sale,
556 1428 681 1491 languida
696 1429 782 1481 fessae

129 1522 234 1583 virginis
248 1522 275 1568 iu
290 1535 365 1568 cursu
378 1519 487 1566 moritur
500 1519 665 1581 querimonia
677 1518 772 1582 longo.

131 1610 224 1658 deserit
238 1609 353 1670 angustis
367 1607 496 1654 inclusum
510 1607 627 1655 saucibus
641 1606 774 1671 Isthmon,

131 1699 285 1761 Cypselidue
299 1697 387 1758 magni
400 1695 518 1744 florentia
531 1711 610 1757 regne
623 1693 757 1746 Corinthi.

59 1794 109 1836 465
131 1788 251 1851 praeterit
264 1786 385 1847 abruptus
399 1783 513 1831 Scironis
528 1785 644 1847 protinus
658 1800 735 1835 arces

129 1877 301 1937 infestumque
315 1875 366 1920 suis
381 1873 452 1920 dirae
466 1873 600 1920 testudinis
614 1875 668 1920 exit
683 1885 687 1890 ·

130 1965 260 2026 spelaeum
275 1963 408 2023 multoque
422 1969 540 2009 cruentus
554 1961 655 2023 hospite
669 1974 770 2012 cautes.

130 2052 233 2111 irimque
247 2051 312 2097 adeo
327 2056 409 2097 tutum
424 2051 501 2110 longe
514 2049 621 2097 Piraeea
635 2051 729 2105 cernit,

131 2145 155 2184 et
169 2144 243 2185 nutus
257 2137 322 2185 eheu
336 2139 431 2185 frustra
444 2145 569 2201 respectui
582 2137 712 2186 Athenas.

59 2230 110 2274 470
130 2225 181 2271 ium
196 2227 284 2286 procul
300 2227 404 2274 efluctu
418 2226 562 2274 Salaminia
575 2226 683 2288 suspicit
697 2244 762 2277 arvu

130 2313 301 2375 florentesque
314 2315 383 2362 videt
396 2315 447 2362 ium
462 2313 604 2377 Cyclades:
626 2315 688 2362 hinc
704 2318 779 2366 sinus
793 2318 828 2365 illi

130 2399 235 2459 Sunius,
253 2402 312 2450 hinc
326 2403 402 2451 static
416 2411 506 2450 contre
519 2410 589 2466 patet
602 2402 773 2455 Hermiones.

129 2489 255 2552 linquitur
268 2496 326 2538 autc
341 2491 405 2538 alius
419 2492 497 2553 louge
512 2492 658 2553 gratissime
672 2491 758 2543 Delos

130 2578 266 2626 Nereidum
281 2579 355 2625 marri
370 2585 395 2627 et
407 2579 527 2642 Neptuno
541 2583 657 2641 Aegaeo.

58 2667 109 2713 475
131 2668 254 2730 prespicit
268 2668 407 2715 incinctam
421 2669 551 2729 spumanti
565 2668 641 2717 litore
655 2667 781 2732 Cythuou
