1816 2956
88 190 149 238 536
327 199 353 237 r.
371 198 492 238 venarer
512 198 643 238 uruours

158 371 238 418 quare
252 369 300 416 age
313 362 338 403 et
351 356 445 403 armari
459 355 553 417 pubem
566 356 698 419 portisque
711 358 811 407 moveri

86 451 139 493 430
159 445 241 494 lactus
260 445 286 491 in
307 458 379 492 arma
392 443 452 491 iube
466 452 491 492 et
503 444 630 507 Phrygios
650 445 694 507 qui
712 445 822 496 flumine
836 450 896 512 pul-

460 532 523 580 clrro

151 623 299 671 >consedere
313 623 390 669 duces
404 621 539 685 pictasque
552 637 630 670 exure
644 622 755 671 carinae.

159 712 298 760 caelestum
311 711 348 758 vis
362 724 458 771 magna
470 709 548 757 iubet.
576 725 622 758 rex
634 711 690 773 ipse
703 711 825 774 Latinus,

160 801 185 848 ni
200 801 261 849 dure
274 799 424 861 coniugium
437 806 462 846 et
475 799 544 846 dicto
557 815 647 861 parere
660 800 763 859 fatetur,

159 891 257 938 sentiat
271 897 296 937 et
309 889 413 937 tandem
426 888 543 935 Turnum
556 890 703 951 experiatur
715 889 742 936 in
756 884 860 940 arnus?

86 985 137 1027 435
194 978 243 1026 Hic
255 978 363 1036 iuvenis,
379 985 463 1026 vatem
475 977 599 1036 inridens,
615 978 652 1026 sic
665 993 724 1026 orsa
737 979 856 1030 vicissim

158 1082 202 1116 ore
214 1068 299 1115 refert.
326 1067 430 1115 ‘classes
444 1067 556 1114 invectas
571 1067 708 1128 Thybridis
720 1068 823 1118 undam

158 1172 220 1216 non,
235 1162 264 1203 ut
276 1171 340 1220 rere,
356 1171 426 1203 meas
440 1155 530 1217 effugit
543 1156 647 1203 nuntius
662 1171 744 1204 aures.

158 1260 191 1294 ne
204 1252 289 1293 tantos
303 1245 365 1292 mihi
380 1245 448 1306 finge
462 1251 560 1303 metus3
581 1259 629 1292 nec
642 1245 713 1306 regia
725 1245 794 1294 Iuno

159 1335 286 1383 inmemor
299 1341 338 1382 est
350 1333 438 1381 nostri.

86 1429 139 1472 440
159 1424 203 1472 sed
218 1431 241 1472 te
254 1424 321 1472 victa
334 1423 383 1470 situ
397 1423 501 1484 verique
515 1421 591 1470 effeta
604 1431 731 1481 senectus,

160 1528 174 1560 ο
188 1520 278 1571 mater,
295 1512 362 1560 curis
376 1512 534 1573 nequiquam
548 1518 650 1559 exercet
663 1518 688 1558 et
701 1526 773 1559 arma

159 1616 248 1663 regum
263 1601 329 1648 inter
342 1601 408 1649 salsa
421 1607 504 1648 vatem
518 1600 655 1648 formidine
668 1600 743 1651 ludit.

161 1706 223 1755 cura
235 1690 282 1737 tibi
296 1691 380 1737 divom
395 1689 492 1750 efligies
506 1697 531 1736 et
543 1690 639 1751 templa
653 1690 732 1749 tueri3

159 1780 228 1827 bella
240 1779 285 1826 viri
300 1793 442 1842 pacemque
455 1785 553 1839 gerent,
570 1779 626 1840 quis
640 1778 708 1826 bella
721 1773 862 1839 gerenda?

87 1874 138 1916 445
193 1868 301 1915 Talibus
315 1869 417 1915 Allecto
432 1867 505 1913 dictis
520 1867 614 1914 exarsit
627 1867 654 1914 in
666 1867 726 1914 iras.

159 1964 185 2004 at
198 1957 283 2004 iuveni
297 1957 380 2004 oranti
395 1956 492 2003 subitus
506 1964 601 2003 tremcr
615 1963 725 2018 occupat
737 1964 821 2018 artus,

160 2046 292 2107 deriguere
306 2046 390 2093 oculi:
412 2052 450 2092 tot
462 2045 546 2106 eriuys
560 2045 647 2093 sibilat
660 2045 746 2106 hydris

160 2143 282 2196 tantaque
295 2150 322 2182 sc
336 2135 414 2182 l'acies
427 2135 516 2195 aperit.
545 2141 599 2181 tum
612 2135 730 2182 flammea
744 2141 874 2198 torquens

160 2224 260 2271 lumina
273 2231 436 2271 cunctantem
450 2231 475 2270 et
489 2231 654 2284 quaerentem
668 2224 752 2270 dicere
765 2224 847 2285 plura

88 2318 140 2361 450
160 2313 271 2375 reppulit
284 2319 309 2360 et
321 2312 438 2372 geminos
453 2312 533 2359 erexit
546 2312 658 2359 crinibus
673 2312 765 2372 anguis

159 2402 316 2463 verberaque
329 2401 445 2447 insenuit
457 2401 599 2463 rabidoque
612 2403 676 2449 haec
690 2400 792 2448 addidit
807 2417 862 2451 ore.

156 2480 199 2538 ‘en
213 2504 262 2551 ego
275 2489 342 2536 victa
356 2489 414 2543 situ,
431 2504 509 2550 quam
521 2489 572 2537 veri
587 2490 662 2538 effeta
676 2496 796 2537 senectus

161 2594 231 2627 arma
245 2579 311 2626 iuter
324 2592 413 2639 regum
428 2578 493 2626 falsa
506 2578 643 2626 formidine
658 2578 731 2625 ludit.

151 2670 255 2736 respice
268 2669 394 2720 adhaec:
417 2667 509 2717 adsum
522 2667 637 2716 dirarum
647 2667 678 2714 ab
687 2667 747 2714 sede
760 2683 891 2728 sororum,
