1816 2956
95 181 155 227 274
331 191 358 228 P.
376 189 497 228 VERGILI
513 188 644 229 Mnnoms

62 389 64 392 .
93 352 143 396 660
163 347 329 396 conclamant
340 346 495 408 rapiuntque
507 345 571 395 focis
583 346 759 408 penetralibus
772 347 869 408 ignem,

162 451 221 499 pars
234 435 347 497 spoliant
360 449 427 493 aras,
442 435 560 482 frondem
573 450 604 482 ac
616 436 727 496 virgulta
739 435 861 498 facesque

163 523 303 573 coniciunt.
331 523 393 570 furit
404 522 516 571 inmissis
529 523 661 572 Volcanus
674 523 782 572 habenis

162 620 274 663 transtra
286 627 332 676 per
344 618 370 660 et
382 625 465 660 remos
480 618 504 660 et
516 612 597 674 pictas
611 612 694 660 abiete
707 612 810 675 puppis.

162 702 267 750 nuntius
281 700 411 749 Anchisae
425 700 457 748 ad
471 701 598 749 tumulum
612 715 759 763 cuneosque
772 701 864 748 theatri

93 797 142 840 665
162 792 279 840 incensas
291 788 387 853 perfert
398 788 470 836 navis
482 789 605 838 Eumelus
619 797 644 838 et
656 789 704 852 ipsi

162 879 304 943 respiciunt
316 885 398 927 atram
410 878 438 925 iu
450 878 539 926 nimbo
552 879 659 926 volitare
672 878 797 927 favillam.

161 969 259 1033 primus
272 974 297 1017 et
309 967 446 1027 Ascanius,
462 981 550 1016 cursus
563 974 592 1014 ut
603 968 685 1016 laetus
699 974 830 1031 equestres

162 1058 282 1116 ducebat,
297 1056 334 1104 sic
347 1070 405 1104 acer
418 1070 485 1121 equo
498 1056 600 1104 turbata
612 1057 702 1118 petivit

163 1154 256 1206 castra,
271 1161 319 1194 nee
332 1145 462 1193 exanimes
476 1150 585 1207 possunt
596 1145 706 1193 retinere
719 1144 846 1206 magistri.

93 1240 143 1286 670
159 1225 229 1299 ‘quis
242 1235 314 1283 furor
325 1234 373 1283 iste
386 1233 484 1283 novos?
503 1248 554 1295 quo
568 1248 645 1292 nuuc,
661 1247 713 1296 quo
726 1225 840 1282 tenditis'
852 1233 890 1281 iu-

463 1322 527 1384 quit,

159 1402 221 1461 ‘heu
233 1412 342 1461 miserae
355 1411 438 1460 cives?
455 1425 508 1458 nou
521 1410 622 1459 hostem
634 1410 792 1472 inimicaque
805 1417 890 1460 eastra

162 1502 296 1563 Argivom,
310 1507 406 1549 vestras
419 1515 477 1563 spes
490 1500 572 1546 uritis.
600 1514 632 1548 en
645 1514 693 1561 ego
706 1506 790 1547 vester

161 1581 308 1639 Ascuuius.³
333 1590 436 1652 galeam
450 1589 599 1651 antepedes
613 1588 721 1650 proiecit
732 1588 848 1648 inanem,

162 1695 213 1742 que
226 1679 289 1727 ludo
301 1679 406 1726 indutus
419 1677 481 1726 belli
495 1677 633 1725 simulacra
647 1677 738 1724 ciebat.

93 1771 141 1816 675
163 1768 292 1815 adcelerat
304 1767 381 1815 simul
393 1767 506 1826 Aeneas,
521 1766 598 1813 simul
611 1765 716 1826 agmina
729 1765 869 1814 Teucrum.

162 1863 202 1905 ast
212 1856 274 1904 illae
287 1856 386 1905 diversa
399 1861 468 1903 metu
481 1869 526 1917 per
539 1855 616 1902 litora
629 1853 724 1916 passim

163 1944 302 2007 diffugiunt
314 1945 442 2008 silvasque
455 1950 480 1993 et
492 1943 573 1991 sicubi
588 1957 701 1991 concava
713 1942 803 1990 furtim

162 2049 226 2082 saxa
237 2040 342 2096 petunt3
363 2033 434 2096 piget
446 2033 540 2094 incepti
554 2032 671 2094 lucisque
684 2046 797 2094 suosque

162 2130 275 2171 mutatae
289 2123 452 2184 adgnoscunt
464 2135 623 2182 excussaque
636 2128 739 2183 pectore
752 2120 853 2169 Iunost.

93 2215 143 2259 680
162 2212 206 2259 sed
219 2225 273 2258 nou
286 2211 383 2259 idcirco
396 2211 514 2258 fiammae
528 2217 604 2272 atque
617 2209 739 2257 incendia
751 2209 818 2257 vires

161 2299 301 2348 indomitas
315 2314 440 2362 posuere3
460 2300 512 2346 udo
526 2298 572 2346 sub
586 2298 679 2345 robore
692 2298 752 2345 vivit

162 2396 257 2451 stuppa
268 2403 373 2436 vomens
387 2389 488 2436 tardum
501 2387 601 2435 sumum
614 2388 750 2448 lentusque
763 2387 866 2436 carinas

162 2484 200 2525 est
211 2491 292 2540 vapor
304 2483 329 2524 et
341 2482 395 2523 toto
409 2476 542 2523 descendit
554 2490 660 2538 corpore
673 2475 752 2539 pestis

163 2580 210 2613 nec
222 2565 288 2613 vires
301 2565 409 2613 heroum
422 2565 558 2626 infusaque
571 2564 678 2613 flumina
690 2571 807 2626 prosunt.

78 2658 133 2702 685
153 2661 209 2704 tum
219 2655 283 2722 pius
295 2653 402 2707 Aeneas
415 2653 511 2705 umeris
524 2653 674 2703 abscindere
685 2659 782 2702 vestem
