1816 2956
313 189 461 229 Aruernos
483 189 571 229 arnan
586 191 615 230 v.
801 182 860 231 273

133 347 242 395 nullane
255 347 307 394 iam
320 347 414 394 Troiae
429 348 546 395 dicontur
558 348 680 396 moenia?
699 363 827 411 nusquam

133 435 275 484 Hectoreos
290 436 371 483 amnis
385 436 519 484 Xanthum
534 444 559 484 et
571 435 704 485 Simoenta
717 437 827 486 videbo?

63 529 113 573 635
135 524 198 586 quin
212 524 281 585 agite
294 533 318 572 et
331 539 431 572 mecum
445 525 570 572 infaustas
584 526 683 573 exurite
696 526 799 588 puppis.

134 627 195 660 uam
208 612 271 659 milri
286 612 448 662 Cassandrae
461 628 506 675 per
519 629 638 660 somnum
651 615 714 662 vatis
727 614 815 676 imago

135 701 248 749 ardentis
263 703 324 750 dare
336 703 389 752 visa
403 703 486 750 faces:
505 693 558 750 ‘hic
572 703 686 764 quaerite
699 703 813 762 Troiam,

134 789 177 837 hic
190 790 281 838 domus
295 782 341 839 est’
352 792 436 853 inquit
446 782 537 838 ‘vobis
565 791 617 838 iam
636 798 736 853 tempus
754 792 796 854 agi
810 807 859 851 res,

134 880 273 927 nectentis
287 895 360 929 mora
374 880 508 942 prodigiis.
537 895 568 928 en
582 887 703 943 quattuor
716 895 775 928 arae

10 972 18 1051 Ι
63 972 113 1015 640
133 967 270 1030 Neptuno:
292 969 354 1017 deus
368 970 423 1032 ipse
436 969 505 1016 iaces
520 970 686 1031 animumque
698 963 845 1018 ministrat?

133 1056 198 1105 haec
211 1072 357 1105 memorans
375 1058 459 1119 prima
472 1057 600 1105 infensum
617 1058 641 1104 vi
656 1059 761 1121 corripit
773 1059 860 1121 ignem

134 1145 289 1208 sublataque
302 1147 392 1208 procul
406 1147 496 1194 dextra
510 1147 604 1194 conixa
617 1154 734 1196 coruscat

133 1241 160 1282 et
172 1234 241 1283 iacit.
269 1243 383 1282 arrectae
397 1241 494 1282 mentes
508 1236 702 1298 stupefactaque
715 1237 795 1284 corda

132 1323 253 1370 Iliadum.
280 1324 323 1372 hic
336 1339 388 1370 una
401 1339 415 1371 e
428 1323 523 1382 multis,
541 1339 605 1386 quae
619 1325 732 1373 maxima
744 1331 816 1385 natu,

13 1476 18 1481 Ι
62 1416 111 1459 645
132 1411 227 1473 Pyrgo,
243 1418 281 1459 tot
293 1411 388 1458 Priami
403 1418 522 1459 natorum
536 1412 607 1473 regia
620 1413 715 1471 nutrix,

128 1489 194 1547 ‘non
205 1500 289 1548 Beroe
302 1499 383 1557 vobis,
399 1515 451 1546 non
465 1500 529 1548 hacc
541 1500 675 1558 Rhoeteia,
690 1508 793 1561 matres,

132 1594 171 1636 eat
182 1587 288 1650 Dorycli
303 1589 432 1636 coniunx:
455 1589 533 1636 divini
548 1590 622 1649 signa
636 1589 734 1637 decoris

132 1677 297 1739 ardentisque
311 1684 398 1725 notato
412 1678 510 1735 oculos,
528 1678 570 1740 qui
585 1677 688 1739 spiritus
702 1677 750 1735 illi,

131 1765 189 1828 quis
203 1763 286 1813 voltus
299 1767 420 1828 vocisque
434 1781 512 1813 sonus
526 1767 564 1814 vel
578 1780 679 1825 grossus
693 1765 772 1813 eunti.

61 1859 111 1902 650
130 1855 188 1917 ipsa
202 1862 303 1915 egomet
316 1856 413 1902 dudum
426 1855 526 1902 Beroen
541 1855 655 1915 digressa
668 1853 769 1915 reliqui,

10 1925 18 2007 l
131 1957 247 2005 aegram,
263 1944 441 2004 indignantem
455 1944 499 1992 tali
515 1944 583 2005 qnod
598 1943 653 1991 sola
667 1949 764 1991 careret

130 2046 237 2080 munere
250 2047 297 2080 neo
310 2034 414 2080 meritos
427 2030 558 2080 Anchisae
572 2031 677 2079 inferret
689 2023 819 2079 honores.'

131 2121 195 2169 haec
209 2121 294 2169 effata.

132 2217 159 2258 at
171 2216 265 2258 matres
278 2210 361 2272 primo
375 2209 500 2271 ancipites
514 2208 649 2269 oculisque
661 2205 782 2268 malignis

61 2304 110 2346 655
131 2299 269 2360 ambiguae
282 2306 397 2361 spectare
410 2305 476 2346 rates
490 2298 611 2346 miserum
624 2297 690 2343 inter
703 2310 816 2344 amorem

131 2388 272 2450 praesentis
286 2394 368 2435 terrae
381 2387 491 2449 fatisque
504 2386 623 2434 vocantia
636 2399 724 2446 regna,

132 2491 190 2523 cum
204 2476 253 2523 dea
265 2490 292 2524 se
305 2475 409 2538 paribus
423 2490 468 2538 per
481 2477 581 2523 caelum
595 2474 697 2522 sustulit
709 2474 757 2521 alis

131 2565 315 2627 ingentemque
327 2563 389 2626 suga
402 2565 484 2612 secuit
496 2565 542 2611 sub
556 2563 667 2610 nubibus
681 2577 777 2610 arcum.

131 2661 187 2701 tum
199 2667 258 2700 vero
273 2654 397 2703 attonitae
410 2652 532 2701 monstris
545 2659 675 2716 actaeque
684 2649 779 2698 lurore

113 2735 229 2790 Vergilius,
674 2733 717 2784 ta
