1816 2956
297 174 445 214 Aauainos
468 175 555 214 urana
574 177 611 216 vi.
793 168 852 216 289

126 332 271 380 auricomos
286 347 363 393 quam
377 332 420 394 qui
434 333 590 395 decerpserit
603 333 694 381 arbore
707 333 781 381 setus.

126 419 176 467 hoc
189 420 237 467 sibi
251 420 360 482 pulchra
373 435 447 468 suom
461 421 520 468 ferri
533 421 689 484 Proserpina
702 436 795 468 munus

124 508 244 555 instituit.
273 508 356 571 primo
370 509 458 556 avolso
472 524 525 557 non
539 510 624 559 deficit
637 511 702 558 alter
763 550 767 555 .

126 611 217 644 aureus
232 603 256 644 et
269 596 347 644 simili
360 596 500 645 frondescit
511 596 584 658 virga
595 600 710 647 metello.

56 689 104 733 145
126 699 187 746 ergo
201 685 253 733 alte
265 685 363 746 vestiga
376 685 458 734 oculis
472 694 497 734 et
509 686 557 733 rite
570 695 698 748 repertum

125 789 201 837 carpe
224 788 318 821 manu:
350 788 462 836 namque
480 775 535 836 ipse
554 775 643 823 volens
663 774 797 838 facilisque
816 791 855 824 se-

427 870 528 924 quetur,

124 951 146 998 si
159 958 183 999 te
196 950 250 998 fata
262 958 371 1009 vocant3
392 951 467 999 aliter
480 965 534 998 uon
546 951 642 998 viribus
656 951 716 998 ullis

123 1039 224 1088 sincere
238 1055 285 1088 nec
298 1039 363 1086 duro
376 1039 472 1101 poteris
486 1039 631 1087 convellere
644 1039 721 1087 ferro.

124 1136 257 1190 praeterea
270 1128 337 1176 iacet
349 1128 497 1176 exanimum
510 1126 556 1174 tibi
570 1141 663 1189 corpus
676 1127 754 1175 amici

56 1221 104 1265 150
125 1215 187 1278 (heu
201 1215 296 1278 nescis)
310 1224 443 1278 totamque
455 1215 565 1263 incestat
577 1214 665 1263 funere
679 1216 797 1274 classem,

124 1307 185 1353 dum
199 1305 318 1353 consulta
331 1305 395 1367 petis
409 1311 549 1366 nostroque
562 1303 590 1350 in
603 1303 692 1352 limine
705 1304 810 1367 pendes.

124 1394 227 1443 sedibus
240 1394 309 1441 hunc
322 1393 388 1442 refer
402 1400 461 1441 ante
474 1393 526 1441 suis
540 1399 565 1441 et
578 1393 661 1440 conde
673 1392 819 1455 sepulchro.

124 1482 173 1531 duc
186 1483 273 1544 nigras
287 1483 414 1545 pecudes3
435 1497 466 1530 ea
481 1482 564 1545 prima
577 1481 681 1543 piacula
693 1490 778 1528 sunto.

123 1571 160 1618 sic
174 1572 277 1618 demum
290 1572 363 1619 lucos
377 1569 463 1634 Stygis
477 1577 502 1619 et
514 1585 594 1631 regna
607 1569 677 1617 invia
689 1551 751 1616 vivis

55 1663 103 1706 155
125 1651 251 1719 aspicies.³
277 1659 342 1706 dixit
354 1673 494 1721 pressoque
508 1658 636 1706 obmutuit
648 1671 701 1705 ore.

158 1746 260 1793 Aeneas
274 1753 371 1794 maesto
385 1747 483 1795 defixus
497 1747 598 1794 lumina
609 1747 681 1793 voltu

123 1833 275 1894 ingreditur,
291 1832 410 1895 linquens
423 1842 535 1894 antrum,
551 1848 694 1896 caecosque
706 1834 805 1882 volutat

124 1929 227 1969 eventus
240 1921 326 1969 animo
340 1937 435 1970 secum.
464 1923 504 1969 cui
518 1923 583 1970 fidus
596 1908 709 1970 Achates

123 2012 143 2058 it
156 2025 241 2058 comes
255 2017 280 2058 et
292 2009 396 2072 paribus
410 2010 476 2057 curis
489 2009 597 2070 vestigia
609 2009 673 2072 figit.

55 2106 104 2149 160
123 2101 204 2148 multa
216 2099 283 2147 inter
296 2112 351 2146 sese
363 2098 434 2145 vario
448 2110 566 2145 sermone
579 2096 706 2155 serebant,

124 2204 200 2251 quern
217 2189 317 2236 socium
338 2186 483 2234 exanimem
506 2191 592 2243 vates,
615 2185 685 2246 quod
699 2199 791 2246 corpus
804 2184 852 2232 hu-

424 2273 548 2321 mendum

124 2366 227 2413 diceret.
255 2372 332 2427 atque
345 2365 383 2412 illi
396 2364 524 2411 Misenum
537 2361 564 2408 in
577 2360 652 2409 litore
664 2360 743 2417 sicco,

123 2461 152 2501 ut
164 2468 264 2512 venere,
280 2454 367 2500 vident
379 2452 488 2512 indigna
500 2455 582 2497 morte
595 2457 764 2512 peremptum,

123 2543 251 2590 Misenum
263 2541 401 2600 Aeoliden,
418 2553 469 2601 quo
483 2552 536 2585 non
548 2537 720 2600 praestantior
732 2535 797 2583 alter

56 2635 103 2678 165
125 2645 182 2677 aere
196 2629 262 2678 ciere
276 2630 343 2676 viros
356 2628 517 2688 Martemque
530 2627 671 2674 accendere
684 2631 774 2672 cantu.

106 2712 230 2767 Vergilius,
661 2707 701 2754 i‘d
