1816 2956
271 197 441 243 eeoaerceu
462 200 550 241 maan
565 199 585 240 1.
785 191 823 240 55

100 359 219 409 dulcibus
232 360 259 407 iu
272 359 370 421 stagnis
384 358 510 406 rimantur
521 364 596 421 prata
609 356 719 420 Caystri,

49 453 79 496 85
100 449 218 497 certatim
231 449 317 509 largos
331 448 425 495 umeris
438 448 573 495 infundere
585 461 665 505 rores,

100 551 170 600 nunc
183 544 261 599 caput
273 536 402 584 obiectare
416 536 494 594 fretis,
510 551 579 584 nunc
592 550 693 583 currere
705 535 732 582 in
743 534 826 582 undas

100 632 126 674 ct
137 625 222 672 studio
235 625 365 673 incassum
378 624 464 673 videas
477 624 570 686 gestire
583 624 695 672 lavandi.

99 719 155 760 tum
168 713 259 760 cornix
272 713 349 774 plena
361 712 475 774 pluviam
488 720 562 760 vocat
574 706 684 775 inproba
696 726 758 761 voce

100 805 126 846 et
138 800 195 847 solu
207 799 235 846 iu
248 799 317 847 sicca
328 813 416 847 secum
429 801 555 862 spatiatur
568 801 673 850 harena.

49 893 80 935 90
101 901 134 936 ue
147 894 274 935 nocturna
287 886 390 948 quidem
404 895 536 949 carpentes
549 903 630 951 pensa
642 889 745 950 puellae

101 977 231 1024 nescivere
243 975 364 1036 hiemem,
379 982 445 1023 testa
458 990 516 1024 cum
530 976 635 1025 ardente
648 977 762 1025 viderent
814 997 816 1001 ’

100 1064 243 1112 scintillare
256 1064 343 1112 oleum
356 1070 381 1112 et
393 1064 474 1126 putris
488 1078 652 1113 concrescere
665 1064 767 1126 fungos.

135 1152 190 1200 Nec
202 1153 287 1200 minus
301 1166 333 1199 ex
345 1151 421 1200 imbri
434 1153 502 1200 soles
517 1159 541 1200 et
553 1158 643 1215 aperta
655 1167 745 1201 serena

100 1241 247 1304 prospicere
261 1248 286 1289 et
299 1241 373 1289 certis
386 1241 481 1303 poteris
496 1255 650 1303 cognoscere
664 1241 759 1301 signis:

49 1335 80 1378 95
101 1344 163 1377 nam
176 1344 259 1392 neque
272 1337 326 1377 tum
339 1329 420 1377 stellis
434 1329 501 1377 acies
516 1329 628 1376 obtunsa
639 1330 739 1378 videtur

103 1431 151 1466 uec
163 1417 247 1465 fratris
261 1418 339 1480 radiis
353 1418 467 1465 obnoxia
479 1432 582 1480 surgere
595 1417 678 1477 Luna,

102 1506 191 1554 tenuia
204 1521 251 1555 nec
264 1506 340 1554 lanae
352 1521 398 1569 per
411 1507 511 1554 caelum
524 1508 620 1555 vellera
632 1508 708 1566 fcrri;

101 1609 155 1642 nou
168 1595 282 1656 tepidum
295 1595 328 1642 ad
342 1594 424 1642 solem
436 1595 528 1658 pinnas
541 1596 568 1642 in
581 1596 657 1644 litore
670 1596 788 1658 pandunt

102 1683 213 1732 dilectae
225 1683 329 1754 Thetidi
343 1683 472 1744 alcyones,
488 1699 541 1731 non
554 1699 598 1732 ore
612 1685 710 1732 solutos

49 1778 81 1820 ῠΟ
101 1771 220 1820 inmundi
233 1772 372 1820 meminere
384 1786 442 1819 sues
456 1773 552 1822 iactare
564 1774 702 1835 maniplos.

102 1872 129 1909 at
147 1861 259 1909 nebulae
277 1861 359 1922 magis
378 1861 431 1909 ima
453 1867 543 1924 petunt
566 1875 709 1924 campoque
731 1875 828 1909 recum-

403 1949 475 2008 bunt,

101 2036 165 2085 solis
179 2043 204 2086 et
217 2052 337 2086 occasum
350 2052 454 2085 servans
469 2038 501 2084 de
514 2037 626 2086 culmine
639 2053 739 2087 summo

100 2126 261 2188 nequiquam
272 2141 343 2175 seros
357 2132 459 2175 exercet
471 2133 567 2175 noctua
579 2134 678 2174 cantus.

102 2215 210 2277 adparet
223 2215 322 2277 liquido
336 2215 453 2263 sublimis
466 2214 493 2261 in
511 2229 569 2263 acre
582 2214 658 2263 Nisus

49 2309 81 2351 05
103 2311 128 2352 et
142 2317 188 2365 pre
202 2319 330 2367 purpureo
344 2318 440 2366 poenas
454 2304 499 2351 dat
511 2301 599 2364 Scylla
612 2304 723 2366 capillo:

102 2407 266 2454 quacumque
276 2392 324 2440 illa
335 2392 415 2441 levem
428 2392 528 2452 fugiens
541 2399 611 2439 secat
622 2392 827 2453 aetherapinnin

103 2495 163 2530 ecce
176 2480 302 2538 inimicus,
318 2487 400 2540 atrorr,
415 2495 512 2545 magno
526 2481 640 2533 stridore
653 2498 701 2549 per
715 2497 796 2532 arurae

91 2566 236 2623 insequitur
244 2565 324 2614 Nisus
329 2584 338 2627 ,⁴
359 2587 411 2634 qua
424 2589 456 2625 se
469 2575 523 2626 fert
537 2576 623 2628 Nisus
637 2579 676 2627 ad
692 2591 788 2635 miras,

73 2646 122 2692 illa
135 2647 218 2695 levem
230 2650 337 2714 dignans
351 2664 456 2726 raptim
469 2679 553 2723 secat
567 2672 697 2724 aethera
709 2667 824 2737 pimus·
