1816 2956
110 139 168 186 542
453 149 561 188 GULEX.

179 307 211 354 ad
225 305 320 369 pariles
334 320 398 366 agor
411 312 530 364 eventus,
557 305 586 352 fit
598 320 683 368 poena
696 306 816 354 merenti.

109 401 159 442 230
180 409 265 457 poena
277 394 310 441 sit
323 394 439 453 exitium,
456 394 533 441 modo
547 395 580 441 sit
593 394 654 440 dum
667 401 741 455 grata
753 396 881 453 voluntas,

180 483 274 530 existat
286 497 333 544 par
346 483 470 530 officium.
498 482 565 529 seror
579 483 636 530 axia
649 497 767 544 carpens,

179 571 236 618 avia
250 569 403 619 Cimmerios
417 572 484 618 inter
498 571 621 619 distantia
634 571 721 619 lucos:

180 675 256 722 quem
270 661 339 709 circa
352 660 435 708 tristes
449 661 588 708 densentur
601 661 627 707 in
641 660 731 707 omnia
744 676 853 723 poenae.

179 764 240 796 nam
252 749 352 796 vinctus
365 749 437 796 sedet
450 749 560 797 inmanis
574 749 736 812 serpentibus
751 748 826 809 Otos,

75 874 77 880 .
109 843 159 885 235
181 838 327 886 devinctum
340 845 452 884 maestus
466 839 557 899 procul
571 837 698 900 aspiciens
711 837 862 900 Ephialten,

180 926 265 974 conati
280 926 411 988 quondam
425 941 483 972 cum
496 927 548 973 sint
560 926 705 974 rescindere
719 928 864 987 mundum

179 1021 205 1063 et
217 1015 315 1076 Tityos,
331 1014 441 1072 Latona,
458 1022 518 1063 tuae
531 1029 629 1062 memor
642 1013 736 1062 anxius
750 1015 807 1063 irae

179 1103 356 1165 (inplacabilis
369 1103 408 1150 ira
420 1103 508 1165 nimis)
522 1104 589 1151 iacet
603 1103 671 1150 alitis
685 1117 753 1150 esca.

180 1200 285 1251 terreor,
302 1209 325 1252 a,
341 1192 418 1239 tantis
431 1192 558 1250 insistere,
574 1198 678 1250 terreor,
694 1192 811 1240 umbris!

110 1287 161 1328 ‘240
181 1282 213 1330 ad
229 1279 331 1344 Stygias
345 1288 479 1329 revocatus
493 1296 573 1343 aquas
587 1280 629 1326 vix
643 1280 749 1328 ultimus
764 1283 837 1329 amni

181 1377 251 1418 extat
264 1377 397 1419 nectareas
411 1370 497 1417 divum
512 1370 554 1431 qui
569 1369 683 1431 prodidit
695 1383 780 1428 escas,

180 1460 289 1520 gutturis
303 1459 383 1506 arenti
397 1459 526 1505 revolutus
539 1458 566 1504 in
579 1458 667 1504 omnia
680 1472 767 1505 sensu.

181 1549 242 1610 quid
256 1563 347 1595 saxum
360 1547 451 1609 procul
465 1547 571 1593 adverso
586 1546 630 1608 qui
643 1552 732 1594 monte
745 1550 865 1606 revolvit,

181 1637 364 1698 contempsisse
379 1636 453 1682 dolor
466 1651 543 1697 quem
557 1635 663 1683 numina
675 1634 756 1683 vincit
770 1638 878 1686 acerbus

111 1731 160 1772 245
181 1727 234 1773 otia
247 1732 412 1787 quaerentem
426 1724 520 1771 frustra
532 1723 598 1770 sibi?
617 1724 660 1781 ite,
676 1724 794 1785 puellae,

180 1815 223 1873 ite,
240 1815 332 1876 quibus
346 1815 434 1861 taedas
449 1813 591 1861 accendens
605 1812 682 1859 tristis
696 1813 785 1874 erinys

181 1905 246 1950 sicut
260 1903 359 1964 Hymen
374 1903 432 1965 (pro
446 1901 510 1963 sata)
525 1901 595 1948 dedit
608 1899 720 1947 conubia
733 1904 837 1951 mortis.

181 2000 257 2053 atque
271 1992 335 2038 alias
349 1992 401 2038 alio
416 1992 506 2038 densas
520 2005 613 2051 supero
627 1989 731 2050 agmine
744 1997 856 2049 turmas,

179 2081 310 2141 impietate
323 2079 377 2127 fera
389 2080 523 2127 vecordem
538 2077 666 2126 Colchida
678 2087 801 2140 matrem,

111 2174 161 2215 250
181 2168 259 2215 anxia
272 2169 389 2215 sollicitis
402 2169 568 2215 meditantem
581 2168 687 2214 vulnera
700 2169 770 2216 natis
782 2187 789 2229 ς

181 2256 232 2303 iarn
245 2257 403 2303 Pandionias
417 2257 575 2304 miserandas
588 2256 660 2318 prole
675 2256 788 2316 puellas,

181 2360 288 2406 ‹luarum
304 2361 353 2391 vox
367 2346 422 2406 Ityn
437 2346 489 2392 edit
501 2345 568 2406 Ityn,
585 2359 636 2406 quo
649 2344 788 2394 Bistonius
803 2364 848 2397 rex

180 2434 257 2481 orbas
272 2449 350 2495 epops
365 2443 460 2481 maeret
474 2434 582 2480 volucris
597 2440 698 2480 evectas
713 2433 739 2480 in
755 2451 845 2484 auras.

180 2529 206 2569 at
219 2523 394 2569 discordantes
410 2521 523 2568 Cadmeo
538 2523 635 2569 semine
648 2521 741 2570 fratres

99 2619 153 2666 255
173 2615 228 2666 iam
243 2611 391 2663 truculenta
402 2609 487 2659 lerant
499 2610 643 2672 infestaque
655 2611 760 2660 lumina
774 2629 869 2678 corpus
