1816 2956
297 191 447 231 Aruernos
468 192 555 230 utana
574 191 615 231 rx.
789 181 850 229 409

55 355 105 398 715
126 349 225 396 addidit
238 356 263 396 et
275 349 392 397 stimulos
406 349 472 396 acris
485 347 531 394 sub
546 356 648 409 pectore
661 347 736 395 vertit

125 438 273 500 inmisitque
286 438 385 498 Fugam
398 436 504 486 Teucris
518 444 653 498 atrumque
666 435 805 485 Timorem.

125 527 241 587 undique
254 526 423 584 conveniunt,
439 525 562 588 quoniam
577 525 637 573 data
651 525 726 588 copia
738 538 853 587 pugnae,

125 614 286 676 bellatorque
299 614 386 660 animo
400 614 462 661 deus
475 613 574 661 incidit.

126 703 269 760 Pandarus,
284 709 313 749 ut
325 702 382 749 fuso
395 716 547 763 germanum
560 715 669 763 corpore
682 703 771 761 cernit,

57 796 106 840 720
127 799 151 839 et
165 807 217 853 quo
231 792 264 838 sit
276 790 380 838 fortuna
393 789 461 848 loco,
477 791 521 852 qui
535 804 609 839 casus
623 797 684 851 agat
696 804 745 848 res,

127 886 228 941 portam
240 880 264 925 vi
278 893 373 947 magna
386 892 509 927 converso
523 879 627 927 cardine
641 884 751 940 torquet,

127 967 238 1014 obnixus
252 967 311 1014 latis
323 967 426 1025 umeris,
442 967 589 1029 multosque
603 982 708 1016 suorum

127 1056 262 1103 moenibus
276 1056 395 1104 exclusos
409 1055 473 1103 duro
485 1055 513 1103 in
527 1055 665 1104 certamine
679 1055 782 1118 linquit,

127 1152 167 1192 ast
180 1144 245 1192 alios
258 1158 345 1192 secum
358 1143 468 1192 includit
481 1144 622 1206 recipitque
634 1145 740 1203 ruentis,

56 1239 107 1285 ,725
128 1234 242 1291 demens,
259 1233 302 1295 qui
314 1232 439 1280 Rutulum
451 1233 479 1278 in
491 1232 577 1280 medio
589 1247 640 1279 non
652 1233 755 1294 agmine
766 1213 859 1295 regem¹

127 1322 219 1370 viderit
231 1322 420 1383 inrumpentem
432 1321 553 1383 ultroque
565 1321 698 1370 incluserit
711 1323 776 1381 urbi,

128 1411 258 1459 inmanem
271 1410 348 1458 veluti
362 1424 457 1472 pecora
470 1410 536 1458 inter
549 1410 641 1458 inertia
654 1410 748 1471 tigrim.

128 1500 251 1548 continuo
264 1513 331 1546 nova
344 1499 390 1546 lux
403 1499 485 1546 oculis
498 1498 594 1547 effulsit
606 1506 631 1546 et
643 1513 715 1547 arma

127 1588 283 1636 horrendum
297 1601 421 1647 sonuere;
440 1594 552 1636 tremunt
564 1588 591 1635 in
605 1587 697 1636 vertice
710 1587 802 1638 cristae

58 1680 107 1724 730
127 1677 284 1736 sanguineae
298 1676 434 1738 clipeoque
446 1677 569 1724 micantia
582 1675 691 1723 fulmina
703 1675 789 1724 mittit.
847 1716 848 1720 ,

128 1764 290 1823 adgnoscunt
302 1765 394 1812 faciem
408 1764 516 1812 invisam
530 1772 606 1826 atque
619 1764 858 1813 inmaniamembra

127 1851 222 1899 turbati
235 1852 320 1899 subito
334 1853 482 1900 Aeneadae.
510 1861 564 1899 tum
577 1852 711 1900 Pandarus
727 1852 819 1914 ingens
884 1888 887 1893 .

127 1940 221 1988 emicat
234 1947 259 1988 et
271 1940 360 1987 mortis
374 1940 502 1988 fraternae
516 1940 626 1988 fervidus
639 1941 679 1990 ira

128 2028 219 2075 effatur
228 2018 292 2075 ‘non
307 2028 371 2076 haec
384 2027 478 2076 dotalis
491 2030 564 2090 regia
573 2030 693 2089 mutae,

57 2123 106 2167 735
127 2132 174 2165 nec
187 2117 266 2164 muris
281 2116 383 2164 cohibet
397 2116 485 2178 patriis
498 2118 584 2166 media
596 2118 684 2167 Ardea
697 2119 822 2170 Turnum.

128 2213 212 2254 castra
225 2206 331 2253 inimica
343 2205 429 2264 vides3
451 2206 524 2254 nulla
536 2206 597 2254 hinc
610 2207 680 2255 exire
694 2199 828 2270 potestas.³

127 2294 172 2340 olli
186 2293 320 2342 subridens
333 2294 422 2342 sedato
436 2301 539 2356 pectore
552 2295 655 2345 Turnus

123 2372 229 2443 ‘incipe‚
245 2382 320 2443 siqua
333 2382 419 2428 animo
432 2382 521 2442 virtus,
537 2390 562 2432 ct
574 2398 680 2432 consere
694 2385 826 2432 dextram:

127 2471 168 2518 hic
182 2471 260 2518 etiam
273 2471 405 2518 inventum
418 2470 522 2519 Priamo
536 2472 652 2520 narrabis
665 2465 807 2521 Achillen.³

57 2562 106 2606 740
127 2559 235 2607 dixerat.
261 2559 308 2607 ille
320 2559 411 2608 rudem
426 2559 502 2610 nodis
517 2567 542 2611 et
556 2561 659 2611 carnee
672 2561 758 2609 crudo

111 2645 246 2706 intorquet
256 2649 368 2699 summis
381 2651 504 2703 adnixus
519 2652 626 2703 viribus
638 2651 779 2700 bastarna
