1816 2956
66 186 123 232 180
306 195 332 233 P.
349 194 469 232 l'llllGlLl
488 194 618 234 MARONIS

126 353 169 410 di,
185 353 260 413 siqua
273 358 311 398 est
324 351 397 399 eaelo
410 351 491 412 pietas
505 365 572 413 quoe
585 351 649 400 talia
662 360 741 408 curet,

133 441 281 503 persolvant
292 445 377 500 grates
391 438 483 500 dignas
496 446 521 486 et
533 440 648 501 proemia
661 440 771 490 reddant

134 529 229 587 debita,
245 527 288 590 qui
302 527 356 574 neti
370 541 457 576 coram
470 543 510 576 me
524 543 627 576 cernere
641 530 721 579 letum

133 616 215 666 fecisti
229 623 254 664 et
266 616 364 678 patrios
377 615 486 665 foedasti
500 616 589 665 iuuere
602 619 695 665 voltus.

64 712 116 754 540⁴
134 715 160 754 at
173 719 226 752 non
239 705 294 762 ille,
310 712 394 752 satum
407 719 459 767 quo
473 712 497 754 te
510 706 633 764 mentiris,
650 706 768 755 Achilles

134 795 192 843 talis
206 793 233 840 in
247 793 320 842 hoste
333 792 382 840 fuit
393 792 507 853 Priamo,
523 795 567 843 sed
581 795 638 844 iure
651 795 780 858 fidemque

133 881 256 945 supplicis
270 881 371 929 erubuit
384 896 529 944 corpusque
542 898 660 945 exangue
673 884 811 946 sepulchro

133 971 245 1020 reddidit
257 970 412 1019 Hectoreum
425 984 517 1032 meque
529 971 556 1018 in
575 986 632 1021 mea
649 985 729 1033 regna
746 964 863 1020 remisit.’

133 1061 169 1108 sio
183 1060 249 1108 satus
262 1060 356 1117 senior,
372 1060 503 1120 telumque
515 1059 611 1108 inbelle
625 1060 680 1107 sine
693 1060 746 1108 ictu

62 1155 112 1198 545
134 1149 252 1207 coniecit,
268 1162 346 1196 rauco
360 1148 430 1210 quod
443 1147 559 1210 protinus
573 1163 631 1196 aere
644 1149 776 1211 repulsum

133 1245 158 1286 et
171 1251 271 1286 summo
286 1236 361 1298 clipei
375 1235 533 1298 nequiquam
546 1235 659 1284 umbone
671 1237 803 1299 pependit:

133 1327 174 1375 oui
187 1326 299 1388 Pyrrhus
308 1314 413 1373 ‘referes
427 1339 488 1386 ergo
501 1325 565 1373 haec
579 1332 604 1373 et
616 1326 721 1374 nuntius
735 1325 787 1374 ibis

132 1415 237 1464 Pelidae
250 1415 370 1477 genitori.
398 1414 437 1461 illi
451 1427 508 1461 mea
521 1414 604 1462 tristia
617 1414 685 1462 facta

132 1505 336 1565 degeneremque
349 1501 548 1564 Neoptolemum
561 1518 665 1552 narrare
678 1514 825 1552 memento:

63 1598 112 1641 550
132 1608 202 1642 nuno
215 1583 334 1641 morere.'
365 1591 415 1640 hoe
429 1591 516 1638 dicens
530 1592 623 1641 altaria
637 1593 669 1640 ad
682 1594 739 1655 ipsa
752 1600 863 1641 tremen-

433 1688 484 1727 tem

132 1769 211 1817 traxit
224 1769 287 1817 etin
301 1769 382 1816 multo
396 1768 542 1830 lapsantem
554 1769 681 1829 sanguine
694 1770 758 1829 nuti,

131 1858 301 1921 inplicuitque
314 1871 416 1905 comam
429 1856 503 1905 laeva
517 1857 660 1919 dextraque
674 1872 811 1907 coruscum

131 1947 223 1996 extulit
236 1961 266 1994 ec
279 1946 353 1994 lateri
367 1945 460 2007 cepulo
474 1952 548 1993 tenus
562 1946 661 1994 abdidit
674 1961 775 1995 ensem.-

132 2037 197 2085 haec
209 2035 267 2083 finis
280 2034 386 2093 Priami,
404 2032 516 2082 fatorum
529 2034 571 2082 hic
584 2035 666 2082 exitus
680 2035 758 2085 illum⁴

62 2130 112 2173 555
132 2130 200 2172 sorte
213 2124 281 2183 tulit,
297 2123 403 2171 Troiam
415 2124 549 2173 incensam
562 2131 587 2171 et
598 2124 720 2186 prolapsa
732 2125 869 2175 videntem,

132 2213 268 2275 Pergama,
282 2219 320 2260 tot
332 2213 464 2275 quondam
475 2212 578 2276 populis
590 2212 862 2275 terrisquesuperbunr

132 2308 296 2363 regnatorem
308 2302 396 2351 Asiae.
424 2302 492 2350 iacet
502 2301 593 2362 ingens
607 2281 682 2349 litore
696 2308 802 2350 truncus

133 2390 300 2451 avolsumque
311 2390 406 2438 umeris
419 2396 498 2452 caput
510 2396 535 2437 et
547 2389 601 2437 sine
615 2390 720 2438 nomine
733 2405 837 2452 corpus.

167 2479 203 2525 At
215 2492 256 2525 me
269 2484 323 2525 tum
336 2478 447 2540 primum
465 2492 554 2526 saevos
573 2478 740 2525 circumstetit-
757 2478 859 2526 horror.

63 2571 112 2614 560
133 2567 261 2630 opstipui;
282 2567 360 2615 subiit
373 2567 427 2616 cari
440 2566 564 2628 geni-toris
576 2566 673 2627 imago,

132 2662 160 2703 ut
170 2670 258 2718 regem
273 2670 432 2720 aequaevom
444 2655 542 2703 crudeli
555 2655 659 2703 volnere
672 2655 724 2702 vidi
