1816 2956
98 192 134 239 96
334 200 360 239 P.
377 199 498 239 vascua
518 199 649 240 MAaouls

166 364 191 406 et
203 372 245 406 ros
257 357 284 405 in
297 364 385 405 tenera
397 357 484 420 pecori
497 357 657 418 gratissimus
670 356 758 407 herba.

165 447 226 495 inde
238 446 282 494 ubi
296 453 387 508 quarta
400 447 468 494 sitim
482 446 547 494 caeli
561 446 696 507 collegerit
707 446 773 493 hora

165 543 190 584 et
202 543 279 584 cantu
293 534 415 597 querulae
428 541 548 597 rumpent
561 534 665 582 arbusta
678 535 791 594 cicadae,

165 625 197 674 ad
211 631 302 687 puteos
315 629 360 670 aut
371 624 425 671 alta
436 638 527 685 greges
541 624 573 670 ad
587 631 680 684 stagna
692 622 780 671 iubeto

94 719 145 761 330
165 721 309 762 currentem
322 712 409 774 ilignis
423 719 512 775 potare
525 712 660 760 carnalibus
673 713 785 770 undam3

164 802 275 851 aestibus
289 809 316 853 at
327 802 417 850 mediis
430 801 578 849 umbrosam
591 801 725 862 exquirere
738 801 842 857 vallem,

164 891 246 939 sicubi
259 905 355 952 magna
366 891 433 938 Iovis
447 890 553 951 antiquo
567 889 659 936 robore
676 904 784 950 quercus

164 979 275 1042 ingentis
289 980 377 1028 tendat
389 992 475 1025 ramos
488 985 533 1025 aut
545 977 626 1026 sicubi
640 972 744 1039 digram
800 999 802 1003 ’

164 1068 266 1117 ilicibus
281 1068 375 1117 crebris
389 1083 462 1116 sacra
475 1081 565 1114 nemus
579 1066 686 1114 accubet
700 1067 807 1126 umbra;

94 1162 144 1205 335
165 1164 218 1205 tum
231 1157 314 1204 tenuis
328 1157 389 1205 dare
403 1171 489 1204 rursus
503 1170 592 1217 aquas,
608 1165 633 1203 et
646 1170 750 1218 pascere
763 1171 851 1203 rursus

163 1246 226 1293 solis
240 1247 271 1293 ad
286 1261 415 1304 occasum,
432 1260 489 1294 cum
503 1244 611 1305 frigidus
625 1259 685 1292 aera
697 1259 786 1307 vesper

164 1341 289 1397 temperat
302 1341 327 1383 et
339 1335 420 1383 saltus
434 1333 516 1382 reficit
527 1333 579 1381 iam
592 1333 695 1381 roscida
707 1334 770 1380 luna

164 1422 292 1484 litoraque
306 1423 441 1485 alcyonem
454 1431 584 1481 resonant,
601 1421 767 1470 acalanthida
780 1423 859 1470 dumi.

199 1510 268 1571 Quid
281 1511 327 1560 tibi
340 1518 455 1574 pastores
469 1511 575 1573 Libyae,
592 1511 653 1572 qaid
668 1526 764 1573 pascua
776 1526 851 1559 versu

93 1606 144 1648 340
164 1615 306 1663 prosequar
318 1608 343 1648 ct
356 1601 420 1648 raris
433 1600 549 1647 habitata
562 1599 675 1662 mapalia
689 1600 780 1647 tectis?

163 1704 239 1752 saepe
252 1689 320 1738 diem
333 1697 487 1750 noctemque
501 1696 618 1736 ettotam
632 1703 663 1736 ex
675 1688 766 1737 ordine
778 1703 890 1738 mensem

163 1779 275 1841 pascitur
288 1779 358 1840 itque
372 1793 449 1841 pocus
463 1778 544 1837 longa
556 1777 583 1824 in
597 1779 697 1824 deserta
707 1776 763 1824 sine
777 1777 839 1824 ullis

162 1868 294 1929 hospitiis:
315 1874 413 1915 tantum
428 1867 512 1929 campi
525 1866 599 1914 iacet.
628 1865 716 1912 omnia
728 1881 815 1913 secum

163 1956 332 2004 armentarius
345 1956 408 2003 Afer
421 1955 483 2015 agit,
499 1963 645 2016 tectumque
658 1956 792 2016 laremque

92 2050 142 2092 345
163 2060 286 2108 armaque
300 2046 521 2106 Amyclaeumque
534 2059 624 2092 canem
638 2043 808 2105 Cressamque
828 2043 890 2106 plra-

463 2138 570 2190 retram3
632 2168 635 2172 Α

162 2236 215 2269 non
229 2237 301 2270 secus
315 2237 345 2269 ac
358 2221 447 2283 patriis
462 2236 519 2268 acer
532 2220 663 2268 Romanus
676 2220 703 2266 in
717 2220 795 2267 armis

163 2311 257 2358 iniusto
273 2310 320 2358 sub
334 2309 401 2357 fasce
414 2310 481 2356 viam
496 2325 554 2357 cum
568 2309 650 2370 carpit
662 2317 687 2356 ct
699 2308 766 2356 hosti

163 2406 222 2448 ante
236 2405 398 2462 expectatum
411 2398 500 2460 positis
514 2406 564 2445 stat
576 2398 603 2445 in
617 2398 720 2459 agmine
734 2397 832 2444 castris.

188 2489 229 2536 At
240 2504 294 2537 rroa
310 2504 363 2553 qua
376 2485 499 2552 Scythiae
512 2495 599 2550 gentes
612 2487 777 2547 Maeotiaque
790 2487 871 2543 auda,

57 2573 115 2615 350
136 2576 266 2629 turbidas
279 2588 307 2630 ct
322 2589 453 2647 torquens
467 2579 591 2630 flammis
600 2577 689 2625 llister
698 2575 823 2630 liarcuas,

119 2676 240 2729 quaque
256 2675 333 2724 redit
346 2676 477 2728 medium
483 2672 626 2734 Rhodope
636 2669 764 2731 porrecta
772 2658 820 2704 aab
832 2671 890 2704 aaa
