1816 2956
262 191 411 234 anunmos
428 193 516 234 arnna
531 193 560 234 v.
751 184 810 233 257

82 353 121 401 sic
133 352 291 409 Mnestheus,
308 352 345 399 sie
357 352 414 414 ipsa
426 351 488 413 fuga
501 360 571 400 secat
583 353 675 400 ultima
687 352 777 400 Pristis

84 456 207 504 aequora,
224 441 260 488 sie
273 441 345 488 illam
359 441 408 488 fert
420 442 531 503 impetus
544 443 599 503 ipse
612 441 751 489 volantem.

36 536 64 580 20
85 537 110 579 et
123 531 234 593 primum
248 530 274 576 in
287 529 395 591 scopulo
409 530 548 577 luctantem
563 530 656 579 deserit
669 531 721 578 alto
788 549 789 553 ¹

85 618 234 681 Sergestum
247 618 417 680 brevibusque
430 619 501 665 vadis
519 619 663 681 frustraque
679 627 814 668 vocantem

84 708 184 756 auxilia
195 715 222 754 et
234 707 321 754 fractis
335 707 475 755 discentem
489 722 589 755 currere
603 707 687 755 remis.

84 796 146 845 inde
160 794 234 858 Gyan
246 795 381 858 ipsamque
392 795 490 856 ingenti
504 796 573 843 mole
588 793 752 845 Chimaeram

85 885 268 946 consequitur3
289 885 370 942 cedit,
391 884 514 945 quoniam
532 884 643 946 spoliata
656 885 812 945 magistrost.

37 978 65 1022 ²5
85 973 156 1021 solus
170 973 274 1035 iamque
287 973 344 1035 ipso
357 979 473 1034 superest
485 973 511 1020 iu
525 973 575 1020 fine
589 971 748 1021 Cloanthus:

85 1076 163 1125 quem
176 1063 240 1124 petit
252 1070 277 1110 et
290 1062 395 1108 summis
409 1061 518 1108 adnixus
531 1061 626 1110 viribus
640 1069 740 1124 urguet.

85 1157 141 1198 tum
154 1165 213 1198 vero
226 1151 370 1212 ingeminat
383 1150 480 1198 clamor
494 1150 630 1212 cunctique
643 1159 792 1214 sequentem

85 1240 212 1301 instigant
224 1239 314 1286 studiis
328 1244 482 1300 resonatque
495 1237 640 1299 fragoribus
654 1239 749 1288 aether.

85 1328 112 1376 hi
126 1329 259 1390 proprium
271 1329 348 1374 decus
361 1335 385 1375 et
396 1334 498 1389 partum
510 1327 678 1388 indignantur
689 1329 814 1377 honorem

37 1423 66 1466 30
86 1417 113 1464 ni
127 1424 239 1474 teneant,
254 1418 384 1478 vitamque
397 1417 487 1463 volunt
500 1430 546 1478 pro
560 1417 636 1465 laude
649 1418 761 1479 pacisci3

86 1506 134 1554 hos
147 1520 278 1553 successus
292 1505 352 1552 alit:
375 1513 490 1566 possunt,
506 1505 568 1567 quia
581 1519 655 1567 posse
669 1507 794 1555 videntur.

87 1602 113 1643 ct
125 1595 176 1641 sors
191 1594 306 1657 aequatis
320 1594 448 1655 cepissent
460 1594 574 1655 praemia
587 1595 684 1652 rostris,

86 1685 113 1731 ui
127 1685 225 1746 palmus
238 1690 318 1745 ponto
332 1682 439 1729 tendens
454 1690 574 1744 utrasque
589 1681 733 1731 Cloanthus

87 1773 245 1833 fudissetque
259 1785 347 1833 preces
361 1771 485 1832 divosque
498 1771 525 1817 in
538 1779 597 1819 vota
617 1780 741 1821 vocasset.

37 1867 66 1911 35
83 1851 122 1909 ‘di
136 1861 228 1923 quibus
247 1860 384 1922 imperium
403 1860 488 1922 pelagi
507 1865 559 1918 est,
581 1875 690 1922 quorum
702 1851 817 1925 aequora

390 1963 473 2006 curro,

87 2038 158 2086 vobis
173 2039 255 2087 laetus
269 2052 317 2098 ego
330 2036 381 2084 hoe
394 2037 547 2085 candentem
560 2037 587 2084 in
601 2038 675 2086 litore
689 2044 790 2086 taurum

88 2127 243 2176 constituam
257 2133 316 2174 ante
329 2140 387 2174 aras
400 2126 452 2172 voti
465 2141 523 2174 reus
537 2133 647 2189 extaque
660 2127 741 2175 salsos

88 2216 226 2279 porriciam
239 2216 265 2262 in
279 2214 371 2262 fluctus
385 2221 410 2263 et
422 2215 482 2262 vina
494 2216 619 2278 liquentia
632 2207 758 2263 fundam?

88 2305 162 2364 dixit,
178 2319 288 2367 eumque
301 2304 359 2351 imis
373 2303 420 2351 sub
433 2304 551 2351 fluctibus
565 2304 646 2351 audiit
659 2305 742 2352 omnis

38 2400 68 2442 lo
88 2393 227 2442 Nereidum
240 2393 387 2455 Phorcique
400 2393 494 2440 chorus
506 2393 680 2455 Panopeaque
693 2393 774 2454 virgo,

88 2491 114 2531 et
126 2489 199 2546 pater
211 2482 266 2545 ipse
279 2497 358 2530 manu
371 2495 467 2542 magna
479 2481 608 2529 Portunus
621 2488 724 2528 euntem

88 2572 196 2634 inpulit:
218 2572 264 2619 illa
277 2578 339 2618 noto
353 2571 427 2618 citius
440 2570 589 2632 volucrique
602 2570 696 2630 sagitta

89 2660 122 2708 ad
136 2668 229 2708 terrum
242 2660 309 2721 fugit
321 2666 346 2708 et
358 2666 434 2722 portu
447 2673 474 2708 se
488 2659 607 2708 condidit
618 2643 686 2705 alto.

72 2743 190 2798 Vergilius.
631 2740 669 2789 il
