1816 2956
356 372 508 412 MORETUM.

102 529 142 577 his
155 529 217 577 salis
229 529 356 591 inspergit
367 528 457 587 micae,
472 529 527 577 sale
540 528 618 577 durna
632 528 711 578 adeso

101 632 191 666 caseus
205 617 322 677 adicitur,
338 617 419 666 dictas
433 600 509 679 super
521 617 615 678 ingerit
628 617 731 676 herbas,

103 712 128 755 et
140 707 213 754 laeva
225 712 319 755 vestem
333 713 433 754 saetosa
445 703 492 752 sub
506 705 614 766 inguina
627 706 715 766 fulcit3

103 795 210 843 dextera
222 795 319 858 pistillo
333 794 445 856 primum
458 793 599 855 fragrantia
612 795 698 843 mollit

49 889 83 935 00
103 883 175 942 allia,
192 890 246 931 tum
259 884 354 946 pariter
368 883 449 931 mixto
462 882 520 930 terit
533 883 621 931 omnia
633 897 705 931 suco.

102 971 124 1020 it
135 986 227 1021 manus
241 973 267 1021 in
281 986 386 1034 gyrum:
406 972 543 1034 paullatim
555 971 660 1034 singula
672 972 737 1020 vires

104 1060 249 1122 deperdunt
261 1061 387 1123 proprias,
404 1061 476 1108 color
488 1067 526 1108 est
539 1074 553 1108 e
566 1061 682 1123 pluribus
696 1075 771 1119 unus,

102 1163 151 1197 nec
164 1156 232 1196 totus
244 1149 341 1208 viridis,
358 1149 418 1212 quia
432 1149 515 1197 lactea
527 1148 608 1198 frusta
621 1155 775 1211 repugnant,

103 1252 151 1286 nec
165 1237 197 1286 de
210 1237 276 1286 lacte
290 1237 383 1295 nitens,
400 1237 461 1299 quia
473 1245 511 1284 tot
523 1238 635 1285 variatur
649 1237 681 1286 ab
694 1237 789 1286 herbis.

49 1330 82 1376 dl>
103 1339 180 1388 saepe
192 1325 239 1372 viri
252 1340 327 1372 nares
341 1340 399 1373 acer
412 1326 540 1373 iaculatur
552 1332 654 1389 apertas

102 1413 207 1477 spiritus
221 1421 247 1462 et
258 1414 323 1462 simo
337 1414 443 1461 damnat
455 1429 502 1462 sua
515 1414 624 1478 prandia
637 1415 717 1475 vultu,

102 1517 179 1565 saepe
192 1519 270 1551 manu
285 1519 385 1551 summa
398 1504 561 1552 lacrimantia
574 1503 673 1552 lumina
686 1503 762 1566 tergit

102 1592 274 1655 iumentoque
288 1592 374 1640 furens
387 1592 450 1640 dicit
464 1593 580 1641 convicia
593 1592 673 1640 fumo.

102 1681 261 1742 procedebat
273 1696 354 1743 opus:
370 1696 422 1729 non
436 1681 488 1729 iarn
501 1680 646 1729 salebrosos
660 1688 689 1728 ut
701 1688 770 1741 ante,

49 1775 82 1819 lt)
100 1769 146 1817 sed
160 1770 263 1830 gravior
275 1770 358 1818 lentos
372 1770 426 1818 ibat
438 1769 549 1832 pistillus
562 1769 589 1816 in
603 1768 687 1817 orbes.

102 1871 164 1919 ergo
178 1858 290 1906 Palladii
303 1866 388 1919 guttas
402 1858 511 1906 instillat
525 1857 584 1904 olivi

102 1946 241 2008 exiguique
255 1962 331 2009 super
343 1947 409 1995 vires
422 1947 535 1994 infundit
547 1946 613 1995 aceti

101 2042 180 2097 atque
192 2035 285 2083 iterum
299 2035 519 2099 commiscetopus
527 2036 688 2098 mixtumque
697 2042 827 2086 retractat.

102 2129 155 2170 tum
170 2124 272 2171 demum
286 2124 372 2185 digitis
386 2125 509 2172 mortaria
521 2131 576 2172 tote
589 2125 689 2172 duobus

50 2217 81 2261 15
102 2211 193 2260 circuit
205 2213 284 2275 inque
297 2213 404 2274 globum
418 2214 540 2261 distantia
553 2212 682 2260 contrahit
694 2227 784 2272 unam,

102 2308 202 2348 constet
214 2309 242 2347 ut
255 2301 338 2349 effecti
352 2303 449 2365 specics
464 2316 610 2364 nomenque
623 2301 722 2349 moreti.

101 2389 167 2437 eruit
180 2389 278 2437 interea
291 2388 401 2452 Scybale
414 2406 518 2453 quoquc
532 2390 623 2438 sedula
637 2404 745 2452 panem:

101 2491 178 2539 quern
192 2477 274 2524 laetus
287 2479 378 2541 recipit
390 2479 508 2526 manibus
522 2479 649 2542 pulsoque
663 2479 753 2527 tirnore

100 2566 153 2614 iarn
166 2565 241 2630 famis
254 2567 333 2630 inque
347 2568 415 2614 diem
428 2582 533 2615 securus
547 2567 659 2630 Simylus
673 2568 745 2616 illam

49 2658 81 2703 20
100 2654 182 2704 ambit
194 2670 269 2702 crura
282 2656 364 2704 ocreis
377 2656 482 2718 paribus
495 2663 629 2719 tectusque
641 2658 729 2717 galero

100 2743 148 2791 sub
161 2743 223 2805 iuga
237 2751 355 2807 parentes
370 2745 439 2807 cogit
452 2745 536 2793 lorata
548 2746 669 2793 iuvencos

100 2837 178 2895 atque
191 2832 246 2894 agit
258 2832 285 2880 in
298 2839 398 2896 segetes
411 2841 437 2884 et
448 2840 535 2882 terrae
547 2833 641 2883 condit
650 2840 784 2879 aratrum.
