1816 2956
61 184 120 232 322
299 194 325 232 P.
343 193 464 231 venerat
485 191 616 232 uaaoms

129 351 318 412 Laurentisque
331 348 364 396 ab
378 364 409 397 ea
422 363 516 397 nomen
529 350 646 411 posuisse
659 350 770 398 colonis.

130 440 206 488 huius
219 453 280 502 apes
293 453 421 486 summum
435 439 531 486 densae
544 439 674 501 (mirabile
688 439 782 502 dictu),

77 532 109 575 65
130 527 239 575 stridore
251 527 351 589 ingenti
364 527 492 589 liquidum
505 533 575 574 trans
589 527 694 576 aethera
706 536 808 588 vectae,

130 616 253 665 obsedere
266 616 366 679 apicem
379 623 404 664 et
417 615 525 678 pedibus
539 630 585 677 per
598 624 688 664 mutua
701 617 776 664 nexis

130 719 237 753 examen
251 705 365 753 subitum
378 719 450 753 ramo
464 704 599 752 frondente
612 704 744 766 pependit.

130 795 253 843 continno
266 801 336 842 vates
346 783 492 842 ‘externum
504 784 640 840 cernimus³
652 792 738 854 inquit

129 883 276 931 ‘adventare
288 882 369 929 virum
384 890 409 930 et
421 882 500 943 partis
514 889 600 943 petere
613 896 706 943 agmen
720 883 830 932 easdem

78 975 110 1020 70
129 972 245 1034 partibus
259 986 292 1020 ex
304 971 386 1019 isdem
400 979 425 1019 et
438 985 539 1018 summa
552 970 710 1019 dominarier
723 964 806 1020 arce.³

130 1067 271 1122 praeterea,
287 1061 364 1108 castis
377 1062 465 1109 adolet
478 1061 539 1107 dnm
553 1059 645 1107 altaria
658 1059 741 1107 taedis

130 1155 155 1196 et
167 1149 239 1198 iuxta
252 1149 395 1211 genitorem
410 1150 494 1197 adstat
506 1148 615 1196 Lavinia
628 1148 709 1208 virgo,

129 1237 184 1285 visa
196 1237 293 1300 (nefas)
307 1238 392 1299 longis
406 1237 581 1300 conprendere
595 1236 707 1284 crinibus
722 1237 813 1298 ignem

130 1333 207 1388 atque
222 1340 324 1373 omnem
338 1333 458 1373 ornatum
471 1326 575 1373 flamma
592 1325 734 1387 crepitante
752 1328 863 1375 eremari

78 1419 91 1462 7
96 1419 110 1462 5
130 1415 277 1477 regalisque
290 1428 399 1462 aceensa
413 1429 509 1472 eomas,
525 1428 635 1462 accensa
648 1429 782 1474 coronam,

129 1503 256 1563 insignem
269 1503 387 1564 gemmis,
404 1510 458 1549 tnm
470 1503 570 1550 fumida
583 1503 680 1551 lumine
693 1502 765 1551 fulvo

131 1590 224 1638 involrn‘
239 1606 269 1638 ae
283 1592 343 1639 totis
356 1591 503 1638 Volcanum
516 1607 637 1654 spargere
650 1591 732 1640 tectis.

130 1681 154 1727 id
168 1694 228 1728 vero
241 1679 398 1728 horrendum
412 1696 442 1727 ac
455 1681 509 1727 visu
523 1680 642 1728 mirabile
655 1680 731 1728 ferri:

129 1784 241 1832 namque
254 1769 308 1816 fore
321 1769 455 1816 inlustrem
469 1768 537 1817 fama
551 1770 660 1831 fatisque
674 1770 806 1818 canebant

77 1863 110 1906 80
130 1859 222 1920 ipsam,
238 1858 281 1906 sed
296 1857 392 1920 populo
406 1872 529 1917 magnum
543 1858 694 1919 portendere
708 1858 820 1908 bellum.

130 1954 156 1994 at
168 1961 213 1994 rex
226 1946 353 1994 sollicitus
366 1946 486 1992 monstris
500 1947 607 1993 oracula
620 1947 710 2004 Fanni,

129 2035 228 2083 fatidici
241 2036 375 2095 genitoris,
392 2035 446 2082 adit
459 2036 584 2096 lucosque
597 2035 643 2081 snb
658 2036 710 2084 alta

131 2125 242 2172 consulit
254 2123 384 2180 Albunea,
401 2138 533 2170 nemorum
547 2138 613 2184 qnae
627 2124 741 2170 maxima
754 2139 833 2174 sacro

129 2213 200 2260 sonte
213 2219 289 2260 sonat
302 2227 456 2273 saevamque
470 2211 574 2259 exhalat
587 2227 670 2273 opaea
683 2213 832 2274 mephitim.

78 2307 109 2349 85
130 2302 191 2350 hine
203 2302 284 2349 Italae
297 2309 386 2362 gentes
401 2301 535 2362 omnisque
550 2299 675 2348 Oenotria
688 2301 765 2348 tellus

129 2391 155 2437 in
170 2389 254 2437 dubiis
267 2403 391 2451 responsa
404 2396 507 2451 petunt:
529 2389 579 2437 hue
594 2391 663 2438 dona
675 2392 800 2440 sacerdos

130 2494 189 2526 eum
202 2478 262 2525 tulit
275 2484 300 2524 et
313 2492 446 2525 caesarum
459 2479 545 2526 ovium
559 2478 604 2525 sub
618 2486 694 2525 nocte
707 2479 796 2528 silenti

129 2568 240 2630 pellibus
254 2565 370 2613 incubuit
383 2568 467 2615 stratis
481 2582 638 2629 somnosque
651 2567 750 2628 petivit,

121 2656 207 2705 multa
220 2655 306 2706 modis
321 2656 461 2706 simulacra
473 2657 541 2703 videt
554 2656 691 2703 volitantia
703 2657 776 2705 miris
