1816 2956
44 185 104 234 206
283 197 308 235 r.
325 197 448 236 venerer
468 196 599 237 Msaoms

112 368 197 415 pauca
209 352 256 400 tibi
270 368 283 401 e
296 353 393 413 multis,
409 367 460 415 quo
474 354 552 400 tutior
565 353 668 416 hospita
681 355 773 404 lustres

113 456 228 504 aequora
241 448 266 490 et
278 442 397 490 Ausonio
410 442 492 504 possis
506 442 639 490 considere
653 451 738 505 portu,

113 531 249 594 expediam
262 529 336 577 dictis
347 546 353 588 ;
373 529 512 592 prohibent
524 545 584 577 narn
597 537 683 580 cetera
695 547 789 594 parcae

41 624 93 668 380
113 620 178 668 scire
190 618 320 667 Helenum
332 617 432 680 farique
444 625 512 666 vetat
524 617 646 668 Saturnia
658 621 733 668 Iuno.

113 708 240 771 principio
252 707 365 765 Italiam,
381 722 459 769 quam
473 714 501 754 tu
513 707 565 754 iam
579 722 634 756 rere
646 710 822 773 propinquam

111 797 270 859 vicinosque,
285 796 384 858 ignare,
400 811 476 858 paras
487 795 608 844 invadere
623 807 720 860 portus,

112 886 193 948 longa
204 886 293 948 procul
309 885 394 946 longis
407 884 448 931 via
461 884 551 932 dividit
564 884 633 933 invia
645 887 727 934 terris.

113 980 172 1022 ante
185 979 211 1022 et
223 973 358 1021 Trinacria
371 973 508 1020 lentandus
521 987 606 1020 remus
619 974 646 1020 in
661 975 731 1022 unda

41 1067 92 1112 385
112 1070 138 1110 et
149 1062 211 1111 salis
224 1061 334 1110 Ausonii
348 1062 510 1109 lustrandum
523 1061 631 1109 navibus
645 1077 743 1125 aequor

111 1150 257 1214 infernique
270 1151 342 1199 lacus
355 1151 509 1212 Aeaeaeque
522 1151 608 1197 insula
622 1149 721 1210 Circae,

112 1255 191 1303 quam
203 1245 258 1287 tuta
271 1239 353 1302 possis
367 1238 456 1287 urbem
470 1253 616 1301 conponere
629 1246 705 1287 terra.

112 1330 187 1391 signa
200 1327 246 1375 tibi
259 1327 354 1385 dicam,
369 1334 396 1374 tu
410 1327 514 1375 condita
526 1335 611 1375 mente
625 1334 720 1376 teneto.

113 1433 171 1466 cum
185 1416 231 1464 tibi
244 1401 356 1463 sollicito
370 1416 459 1464 secreti
473 1417 505 1463 ad
519 1415 631 1463 fluminis
644 1417 742 1463 undam

41 1511 93 1555 390
114 1505 211 1553 litoreis
224 1505 316 1566 ingens
328 1504 432 1552 inventa
445 1505 491 1552 sub
505 1504 607 1553 ilicibus
621 1519 663 1552 sus

112 1594 218 1656 triginta
231 1593 344 1656 capitum
357 1592 421 1641 fetus
436 1594 513 1642 enixa
525 1593 627 1652 iacebit,

112 1683 180 1742 alba,
196 1683 253 1730 solo
266 1682 401 1741 recubans,
418 1682 470 1729 albi
484 1682 581 1730 circum
594 1681 673 1730 ubera
686 1682 751 1741 nati,

112 1773 134 1820 is
148 1773 221 1820 locus
235 1771 304 1819 urbis
314 1771 372 1830 erit,
389 1771 490 1834 requies
504 1786 535 1819 ea
548 1778 617 1818 certa
630 1770 758 1818 laborum.

112 1876 160 1910 neo
173 1869 200 1908 tu
213 1875 360 1908 mensarum
373 1875 473 1907 morsus
486 1860 605 1907 horresce
619 1859 733 1906 futuros:

41 1955 92 1998 395
112 1950 166 1998 iata
178 1949 246 1996 viam
257 1948 389 1997 invenient
402 1949 535 2011 aderitque
548 1956 653 1995 vocatus
667 1948 776 2009 Apollo.

112 2038 159 2087 has
172 2044 257 2086 autem
271 2045 350 2085 terras
363 2038 474 2100 Italique
486 2036 554 2084 hanc
568 2036 650 2083 litoris
665 2051 737 2083 oram

112 2127 232 2190 proxima
245 2141 311 2188 quac
324 2127 404 2173 nostri
417 2125 579 2189 perfunditur
592 2125 711 2186 aequoris
726 2135 800 2173 aestu

113 2215 213 2277 effuge3
234 2221 328 2263 cuncta
340 2214 415 2262 malis
429 2214 578 2261 habitantur
591 2213 694 2260 moenia
708 2211 794 2261 Grais.

113 2304 155 2352 hic
169 2311 194 2351 et
206 2302 309 2366 Narycii
323 2310 465 2366 posuerunt
476 2302 580 2350 moenia
592 2301 669 2349 Locri

42 2398 93 2441 400
113 2401 138 2441 et
150 2391 309 2440 Sallentinos
324 2391 425 2439 obsedit
437 2391 518 2438 milite
532 2405 637 2453 campos

112 2481 217 2543 Lyctius
230 2481 393 2538 Idomeneus,
409 2479 451 2527 hic
464 2480 510 2527 illa
523 2478 594 2526 ducis
607 2478 731 2526 Meliboei

113 2585 192 2632 parva
204 2569 365 2618 Philoctetae
379 2568 489 2616 subnixa
501 2567 600 2616 Petelia
612 2581 695 2614 muro.

107 2659 170 2721 quin
187 2657 231 2706 ubi
245 2657 413 2706 transmissae
425 2657 617 2706 steterinttrans
625 2669 740 2717 aequora
747 2657 847 2706 classes
