1816 2956
62 175 122 224 488
300 185 326 223 P.
342 180 465 223 vanarn
485 178 616 222 MARONIS

130 348 156 390 et
167 354 223 400 me,
244 341 347 399 Turne,
368 346 488 388 manent:
509 339 586 386 simul
605 338 669 387 haec
686 339 771 387 invisa
783 341 863 389 relin-

432 438 509 490 quum

130 517 229 566 lumina
241 529 289 565 nec
301 530 424 578 generum
437 516 545 564 Aenean
558 515 659 578 captiva
671 508 786 564 videbo’

130 606 230 669 accepit
241 619 331 654 vocem
344 605 457 653 lacrimis
470 601 580 652 Lavinia
592 603 681 652 matris

77 699 108 742 65
129 694 261 756 flagrantis
275 693 378 756 perfusa
389 706 478 755 genes,
495 692 535 740 eui
549 693 675 755 plurimus
689 693 779 754 ignem

129 781 238 830 subiecit
250 781 328 830 rubor
341 789 366 830 et
379 780 505 830 calefacta
517 794 562 844 per
575 792 621 828 ora
634 781 757 829 cucurrit.

128 869 223 918 Indum
235 871 379 932 sanguineo
391 870 469 918 veluti
482 870 616 917 violaverit
628 876 698 917 ostro

129 959 209 1021 siquis
223 960 286 1007 ebur
299 966 343 1006 aut
355 959 437 1006 mixta
449 958 542 1006 rubent
554 957 598 1005 ubi
611 957 668 1006 lilia
681 954 767 1006 multa

129 1047 189 1095 alba
202 1061 269 1105 rosa,
285 1048 345 1095 talis
358 1048 430 1109 virgo
444 1046 523 1096 dabat
535 1057 579 1094 ore
592 1047 702 1094 colores.

77 1138 110 1184 70
129 1135 203 1183 illum
217 1135 303 1183 turbat
316 1148 397 1195 amor,
413 1134 519 1197 figitque
533 1135 559 1181 in
572 1133 672 1196 virgine
686 1135 782 1206 voltus.

129 1224 202 1272 ardet
214 1225 240 1272 in
254 1237 326 1272 arma
339 1224 421 1286 magis
435 1224 575 1286 paucisque
588 1222 690 1270 adlatur
702 1225 838 1273 Amatam.

127 1313 177 1371 ‘ne‚
193 1327 299 1374 quaeso,
314 1323 346 1361 ne
359 1323 400 1360 me
413 1312 526 1361 lacrimis
539 1325 602 1360 neve
616 1311 702 1360 onrlne
716 1319 791 1360 tanto

129 1414 284 1463 prosequere
297 1400 325 1447 in
338 1400 394 1448 duri
409 1401 551 1449 certamina
563 1400 653 1448 Martis
667 1407 781 1460 cuntem,

129 1503 145 1536 ο
158 1496 255 1537 mater:
276 1503 360 1551 neque
374 1489 443 1537 enirn
455 1489 544 1536 Turno
558 1503 631 1535 mora
644 1488 726 1535 libera
739 1492 842 1538 mortis.

77 1581 108 1626 75
129 1578 234 1627 nuntius
248 1577 312 1626 baec
325 1578 418 1625 Idmon
432 1577 545 1639 Phrygio
559 1592 616 1624 mea
630 1577 700 1624 diota
713 1585 826 1638 tyranno

129 1666 197 1714 haud
217 1667 344 1728 placitura
361 1666 441 1714 refer:
464 1666 645 1728 cumprimum
660 1666 774 1714 crastina
788 1668 861 1717 caele

129 1756 245 1818 puniceis
258 1756 358 1804 invecta
371 1755 433 1802 rotis
447 1756 549 1803 Aurora
562 1754 671 1812 rubebit,

130 1859 182 1891 non
195 1844 308 1892 Teucros
322 1853 383 1905 agat-
395 1845 421 1891 in
429 1844 555 1902 Rutulos;
575 1843 704 1891 Teucrum
718 1858 793 1892 arma
807 1848 863 1909 qui-

430 1941 518 1980 escant

130 2030 155 2069 et
167 2021 270 2068 Rutuli:
294 2029 380 2068 nostro
395 2023 543 2069 dirimamus
557 2021 681 2081 sangnine
696 2021 814 2082 bellum,

77 2115 110 2157 80
129 2110 175 2157 illo
189 2117 327 2170 quaeratur
340 2111 453 2157 coniunx
466 2109 575 2158 Lavinia
589 2101 700 2171 camp0.'

120 2205 121 2208 ’
164 2197 235 2246 Haec
254 2199 297 2245 ubi
319 2199 387 2246 diota
407 2199 491 2257 dedit,
516 2198 673 2261 rapidusque
692 2199 718 2244 in
739 2208 811 2248 tectu
826 2217 866 2250 re-

430 2288 513 2344 cessit,

129 2374 212 2436 poscit
225 2389 305 2436 cqnos
318 2376 465 2437 gaudetque
478 2383 551 2423 tuens
565 2383 624 2423 ante
638 2390 683 2422 ora
697 2376 845 2438 frementis,

129 2463 249 2510 Pilumno
264 2479 328 2526 qnos
342 2464 398 2526 ipsa
412 2465 488 2512 decus
502 2464 572 2511 dedit
586 2465 712 2526 Orithyia,

129 2553 173 2615 qui
187 2553 299 2600 candore
313 2554 382 2600 nives
396 2553 530 2611 anteirent,
547 2553 662 2601 cursibus
676 2568 763 2601 arnas.

74 2645 108 2688 85
129 2641 297 2690 circumstant
309 2641 411 2705 properi
426 2641 530 2703 aurigae
544 2642 714 2704 manibusque
728 2643 868 2695 lacessunt

899 994 906 1197 l
