1816 2956
358 214 510 253 MORETUM.

140 385 156 418 a
168 378 257 432 pereat
270 371 310 418 cui
324 377 384 418 sunt
396 370 482 433 prisce
494 371 647 433 supercilia!

57 464 83 508 ⁵5
105 458 166 520 quid
181 459 260 506 cineri
274 459 376 520 ingrato
389 474 474 507 servas
488 458 552 507 bene
566 460 663 507 olentia
676 459 762 507 serta?

141 560 207 595 anne
221 554 344 594 coronato
358 548 394 594 vis
408 547 494 610 lepide
507 547 562 609 ipsc
575 547 645 608 tegi?

104 648 172 697 pone
185 649 285 682 merum
298 642 323 683 et
335 637 410 683 talos.
439 642 538 698 pereat,
560 636 604 697 qui
618 636 731 683 crastina
744 636 830 684 curati

139 722 210 770 Mors
223 738 311 771 aurern
324 724 421 772 vellens
431 714 524 772 ‘vivite'
538 713 703 772 eit‘veni0.”

285 1182 577 1231 MORETUM.

101 1342 158 1390 Iam
170 1357 224 1389 nox
236 1342 356 1389 hibernas
369 1342 408 1389 bis
422 1343 536 1405 quinque
550 1350 684 1404 peregerat
696 1343 774 1391 horas

104 1429 289 1493 excubitorque
303 1430 370 1478 diem
384 1438 460 1478 cantu
473 1431 637 1493 praedixerat
651 1433 712 1490 ales,

105 1517 218 1580 Simylus
232 1519 318 1580 exigui
332 1520 417 1566 cultor
430 1534 488 1567 curn
500 1520 610 1568 rusticus
624 1521 688 1582 agri,

104 1607 187 1655 tristia
200 1614 321 1655 venturae
334 1615 449 1655 metuens
463 1607 560 1656 ieiunis
573 1608 646 1667 lucis,

70 1701 84 1744 5
104 1695 220 1743 membra
233 1696 300 1743 levat
313 1696 355 1742 vili
369 1697 464 1743 sensim
478 1696 584 1744 dimissa
596 1698 705 1758 grabate

104 1784 267 1846 sollicitaque
281 1798 358 1831 manu
373 1784 490 1832 tenebras
504 1786 622 1847 explorat
634 1786 727 1834 inertes

103 1873 264 1934 vestigatque
277 1872 372 1930 focum,
388 1873 472 1920 laesus
487 1888 563 1934 quem
577 1874 688 1936 denique
701 1875 786 1922 sentit.

104 1961 225 2024 parvulus
239 1968 329 2009 exusto
343 1961 492 2009 remanebat
504 1962 589 2024 stipite
602 1961 684 2010 fornes

104 2057 130 2098 et
143 2050 208 2097 cinis
221 2049 348 2097 obductae
362 2050 462 2097 celabat
475 2051 574 2098 lumina
586 2064 692 2113 prunae.

57 2143 85 2186 l0
105 2138 224 2185 admovet
236 2138 275 2184 his
289 2152 397 2201 pronarn
412 2138 538 2187 submissa
551 2139 634 2186 fronte
648 2140 779 2188 lucernam

104 2233 130 2274 et
142 2225 261 2288 producit
275 2240 322 2273 scu
336 2233 441 2288 stuppas
455 2228 562 2276 humore
576 2235 700 2286 carentes,

105 2315 200 2362 excitat
213 2322 238 2362 et
250 2314 344 2362 crebris
358 2316 524 2376 languentem
537 2315 639 2364 flatibus
652 2316 748 2377 ignem.

104 2404 208 2451 tandem
222 2411 347 2465 concepto
361 2418 389 2452 se
402 2404 447 2451 lux
461 2405 561 2466 fulgore
577 2404 682 2467 recepit,

104 2491 276 2553 oppositaque
290 2506 368 2539 manu
381 2492 468 2540 lurnen
482 2492 596 2540 defendit
609 2493 640 2541 eb
655 2507 718 2540 aure

57 2585 84 2629 l5
104 2587 129 2627 et
142 2587 238 2628 reserat
251 2582 363 2640 clausae,
380 2596 446 2644 quae
459 2581 581 2644 pervidet,
597 2582 664 2628 ostis
676 2582 767 2630 cellae.

102 2666 175 2716 fusus
188 2676 244 2716 erat
256 2676 323 2717 terra
336 2670 461 2720 frumenti
473 2684 577 2736 pauper
591 2682 706 2719 aceruus
712 2683 723 2712 ·.
