1816 2956
79 181 139 229 170
316 190 342 229 Ρ.
356 189 482 230 vulteum
501 189 632 230 MARONIS

145 353 260 410 reptatus
273 346 349 409 bigis,
364 353 393 394 ut
405 346 546 409 quondam,
563 354 668 410 aterque
680 355 789 396 cimento

145 437 250 500 pulvere
263 450 359 499 perque
372 435 450 498 pedes
463 435 583 484 traiectus
597 437 654 484 lora
669 436 803 484 timentis.

133 525 169 578 :ei
182 524 255 583 mihi,
271 525 355 587 qmlis
369 530 431 583 erat,
448 531 574 586 quantum
585 531 699 573 mutatus
712 523 809 573 abillo

76 617 126 665 275
146 612 256 663 Hectore
269 614 313 677 qui
327 613 393 662 redit
406 612 510 661 exuvias
522 613 627 660 indutus
639 612 740 661 Achilli

145 702 185 752 vel
197 701 320 750 Danaum
332 701 459 764 Phrygios
472 700 600 750 iaculatus
613 700 743 764 puppibus
753 699 840 762 ignis!

103 842 105 847 ,
145 790 307 854 squalentem
320 789 428 836 barbam
441 797 466 838 et
478 796 614 838 concretos
627 789 756 851 sanguine
769 788 848 837 erinis

144 879 303 942 volneraque
314 878 363 926 illa
374 892 466 940 gerens
479 879 653 941 quae-circum
665 877 779 941 plurima
791 890 876 926 muros

145 967 246 1030 aceepit
258 966 364 1030 patrios.
392 968 460 1015 ultro
472 967 536 1015 flens
550 967 605 1030 ipse
617 966 723 1016 videbar

77 1061 128 1106 280
147 1055 305 1119 compellare
317 1055 400 1103 virum
413 1062 438 1104 et
450 1061 561 1104 maestas
574 1069 726 1119 expromere
739 1069 828 1104 voees.

144 1134 171 1194 ‘o
185 1145 231 1194 lux
242 1144 400 1203 Dardaniae,
415 1158 474 1207 spes
488 1159 504 1191 o
517 1143 643 1192 fidissima
655 1144 796 1204 Teucrum,

148 1248 215 1298 quae
226 1240 315 1282 tantae
327 1239 432 1282 tenuere
444 1232 549 1280 morae?
563 1232 656 1295 quibus
669 1231 767 1281 Hector
780 1232 814 1282 ab
827 1232 877 1282 oria

146 1329 281 1386 expectate
294 1320 381 1370 venis?
401 1328 429 1368 ut
441 1327 466 1369 te
479 1328 539 1383 post
550 1321 633 1369 multa
645 1328 748 1369 tuorum

148 1411 253 1471 funera,
272 1417 331 1474 post
343 1409 427 1457 varios
440 1408 627 1472 hominumque
638 1409 763 1472 urbisque
770 1410 878 1460 labores

78 1505 128 1549 285
149 1500 241 1549 defessi
255 1498 408 1562 aspicimusl
429 1512 496 1560 quae
510 1513 589 1546 eausa
600 1498 709 1560 indigna
721 1512 829 1548 serenos

148 1589 261 1637 foedavit
272 1589 356 1636 voltus
370 1593 472 1634 auteur
485 1586 550 1635 haee
563 1587 669 1635 volnera
682 1579 788 1636 eernoi’

148 1679 195 1727 ille
207 1677 282 1736 nihil,
298 1690 346 1724 nec
358 1690 399 1724 me
413 1682 580 1737 quaerentem
592 1690 658 1723 vana
671 1682 798 1736 moratur,

149 1766 194 1815 ted
207 1766 318 1828 graviter
329 1765 439 1826 gemitus
453 1764 505 1811 imo
520 1765 668 1827 depectere
682 1764 781 1813 ducens

146 1844 209 1903 ‘heu
221 1855 295 1915 fuge,
315 1861 376 1901 nate
389 1852 451 1911 dea,
467 1860 543 1915 teque
556 1843 605 1900 his’
618 1853 654 1900 ait
664 1843 746 1915 ‘eripe
758 1853 877 1902 flammis.

80 1948 131 1999 290
150 1944 231 1992 hostis
244 1942 322 1991 habet
334 1956 430 2001 muros,
446 1941 498 1988 ruit
510 1942 563 1990 alta
576 1956 592 1989 a
605 1941 717 1990 eulmine
730 1941 821 1991 Troia.

151 2040 190 2081 sat
202 2031 301 2095 patriae
313 2030 470 2093 Priamoque
489 2031 592 2078 datum:
611 2031 633 2078 si
646 2031 776 2092 Pergama
794 2031 880 2095 ‹iextra
907 2037 908 2042 ’

151 2120 254 2170 delendi
267 2127 380 2183 possent,
396 2120 473 2167 etiam
486 2119 536 2166 hee
549 2118 655 2167 defensa
667 2119 786 2167 fuissent.

150 2225 225 2259 saera
238 2223 350 2272 suosque
364 2208 410 2256 tibi
424 2208 589 2256 commendat
601 2208 683 2256 Troia
694 2215 818 2270 penates:

152 2299 199 2348 hos
213 2312 277 2361 cape
290 2297 402 2345 latorum
416 2297 531 2355 comites,
547 2297 586 2344 his
599 2296 705 2345 moenie
717 2310 824 2359 quaere,

82 2393 133 2437 295
152 2402 249 2450 magna
261 2392 392 2450 pererrato
405 2393 502 2433 statues
516 2400 582 2448 quae
596 2385 708 2448 denique
721 2377 827 2448 ponto.’

153 2477 190 2525 sie
203 2476 239 2524 ait
252 2484 277 2524 et
289 2475 409 2525 manibus
422 2476 498 2524 vittas
511 2475 669 2537 Vestamque
682 2481 817 2537 potentem

153 2573 337 2629 aeternumque
350 2565 433 2627 adytis
447 2565 520 2614 effert
532 2563 708 2627 penetralibus
721 2563 821 2625 ignem.

187 2655 298 2704 Diverso
311 2655 412 2704 interea
425 2654 565 2703 misoentur
575 2651 681 2701 moenis
693 2652 767 2701 luetu
