1816 2956
91 179 150 226 386
329 189 355 227 Ρ.
373 187 495 227 vnaerm
511 186 643 226 uaaours

160 345 363 407 delphinumque
376 345 454 392 modo
469 344 592 392 demersis
605 357 721 406 aequora
735 347 829 394 rostris

160 433 212 480 ima
224 439 323 494 petunt.
351 432 412 480 hinc
424 432 563 493 virgineae,
578 431 697 480 mirabile
711 443 872 494 monstrum,

92 525 140 568 120
160 521 271 568 reddunt
283 535 310 568 se
322 510 430 568 totidem
443 521 521 569 facies
535 527 668 583 pontoque
681 519 811 570 feruntur.

196 607 349 671 Obstipuere
363 609 442 656 animi
455 609 566 668 Rutulis,
582 608 736 656 conterritus
750 609 809 672 ipse

160 697 267 745 turbatis
280 698 415 759 Messapus
429 697 510 759 equis,
527 704 662 744 cunctatur
675 704 701 744 et
712 699 801 746 amnis

160 802 238 834 rauca
251 801 346 834 sonans
360 793 514 848 revocatque
527 786 619 848 pedem
627 784 768 834 Tiberinus
782 787 817 835 ab
832 789 890 836 alto.

160 883 186 923 at
199 889 252 921 non
265 875 357 922 audaci
370 875 459 922 Turno
473 875 568 923 fiducia
581 874 670 932 cessit3

91 968 139 1011 125
159 964 227 1010 ultro
242 963 342 1010 animos
355 963 424 1010 tollit
437 964 511 1011 dictis
526 970 602 1024 atque
615 963 734 1024 increpat
746 964 829 1011 ultro.

155 1040 295 1099 ‘Troianos
308 1051 372 1100 haec
385 1059 501 1099 monstra
514 1058 612 1113 petunt,
628 1051 668 1098 his
682 1051 803 1113 Iuppiter
817 1054 873 1116 ipse

160 1140 287 1187 auxilium
300 1140 405 1187 solitum
417 1140 519 1202 eripuit,
536 1153 589 1186 non
602 1140 654 1187 tela
667 1153 754 1201 neque
768 1140 846 1202 ignes

160 1235 297 1291 expectant
308 1228 428 1276 Rutulos.
456 1243 517 1289 crgo
530 1228 612 1276 maria
625 1227 695 1274 invia
706 1227 820 1278 Teucris

160 1331 208 1364 nee
221 1331 279 1379 spes
293 1317 348 1364 ulla
360 1317 452 1378 fugae:
468 1331 553 1365 rerum
566 1329 625 1378 pars
639 1316 720 1363 altera
734 1317 892 1381 ademptast,

90 1411 140 1453 130
160 1412 228 1453 terra
241 1413 326 1454 autem
339 1406 366 1452 in
379 1406 473 1453 nostris
486 1405 621 1462 manibus3
641 1411 678 1451 tot
691 1405 776 1465 milia,
792 1418 884 1468 gentes

161 1508 232 1541 arma
245 1493 331 1542 serunt
343 1493 434 1541 Italae.
462 1493 498 1540 nil
513 1507 553 1541 me
566 1492 657 1540 satalia
670 1500 778 1554 terrent,

160 1582 234 1643 siqua
247 1581 361 1642 Phryges
376 1597 436 1643 prae
451 1597 477 1629 se
490 1583 595 1639 iactant,
611 1595 736 1643 responsa
750 1583 876 1632 deorum:

159 1679 198 1717 sat
211 1670 269 1717 fatis
281 1669 428 1732 Venerique
442 1671 539 1728 datum,
555 1670 660 1730 tetigere
675 1671 747 1731 qnod
762 1686 827 1721 arra
887 1735 890 1738 ἢ

158 1758 249 1806 fertilis
262 1759 394 1806 Ausoniae
407 1759 496 1806 Troes.
525 1765 584 1805 sunt
602 1765 626 1806 et
638 1772 697 1805 mea
710 1767 807 1808 contra

90 1853 137 1895 135
159 1847 212 1895 fata
225 1846 298 1904 mihi,
314 1848 381 1894 ferro
395 1848 546 1895 sceleratam
559 1846 696 1894 excindere
709 1857 830 1908 gentem,

159 1935 269 1996 coniuge
283 1943 426 1996 praerepta,
443 1949 490 1983 nec
503 1936 572 1982 solos
587 1935 670 1994 tangit
682 1934 793 1985 Atridas

158 2025 206 2071 iste
220 2024 295 2070 dolor
308 2024 421 2084 solisque
435 2024 496 2071 licet
509 2037 599 2084 capere
613 2036 686 2069 arma
698 2023 830 2084 Mycenis.

159 2113 203 2159 sed
217 2112 323 2173 periisse
336 2112 415 2158 semel
429 2112 489 2158 satis
504 2119 556 2158 est:
572 2125 679 2173 peccare
692 2110 789 2161 fuisset

160 2209 219 2248 ante
233 2201 303 2258 satis,
319 2200 421 2261 penitus
435 2200 512 2246 modo
526 2213 594 2245 nunc
605 2213 686 2259 genus
699 2214 781 2250 omne
789 2217 890 2265 perosos

90 2297 139 2338 140
160 2290 308 2338 femineum.
338 2289 430 2349 quibus
443 2288 507 2335 haec
520 2287 598 2334 medii
613 2287 708 2334 fiducia
720 2290 786 2338 valli

160 2379 338 2438 fossarumque
352 2391 448 2434 morae,
466 2377 509 2424 leti
525 2375 673 2423 discrimina
685 2391 778 2438 parva,

159 2468 222 2515 dant
235 2466 344 2514 animos.
373 2471 400 2512 at
412 2479 464 2511 non
477 2464 595 2512 viderunt
606 2464 711 2511 moenia
724 2465 826 2518 Troiae

148 2559 271 2626 Neptuni
285 2556 417 2609 fabricata
429 2567 512 2601 manu
525 2552 697 2600 considerem
704 2552 795 2610 ignis?

138 2655 192 2705 sed
208 2670 268 2717 5⁷03,
288 2650 397 2712 olecti,
413 2647 486 2696 ferro
501 2641 562 2706 quis
573 2637 693 2686 scindere
702 2635 809 2681 ranem
