1816 2956
114 187 151 235 76
351 196 378 236 Ρ.
395 195 517 236 vanorur
537 195 669 236 usuorns

183 354 298 403 caeditur
312 361 337 402 ct
349 360 445 402 veteres
458 353 549 401 ineunt
560 353 714 416 proscaenia
725 353 780 402 ludi

181 443 349 507 praemiaque
361 442 472 504 ingeniis
485 457 567 505 pagos
580 450 606 491 et
618 443 732 506 compita
744 443 843 492 circum

182 532 311 581 Thesidae
323 546 432 595 posuero
446 538 523 594 atque
536 532 603 580 inter
614 532 710 595 pocula
721 532 782 580 lacti

181 621 304 670 mollibus
316 621 344 668 in
356 621 436 684 pratis
449 627 541 669 unctos
554 621 655 669 saluere
667 635 714 682 per
725 628 804 668 utres.

112 715 162 759 ³85
183 725 295 759 necnon
309 709 429 768 Ausonii,
444 709 525 756 Troia
536 723 600 770 gens
613 709 701 768 missa,
718 709 806 758 coloni

182 799 296 848 versibus
308 798 447 860 incomptis
460 798 554 846 ludunt
566 797 671 860 risuque
684 799 770 846 soluto

183 902 280 950 oraque
293 887 431 937 corticibus
444 893 549 934 sumunt
562 886 691 935 horrenda
704 887 800 936 cavatis

183 983 209 1025 et
221 984 254 1035 te,
269 976 381 1035 Bacche,
397 982 491 1024 vocant
502 989 549 1038 per
562 975 678 1023 carmina
690 975 760 1024 laeta
772 976 872 1041 tibique

183 1065 276 1114 oscilla
288 1080 320 1114 ex
334 1066 388 1113 alta
400 1065 561 1128 suspendunt
573 1065 664 1112 mollia
676 1065 749 1127 pinu.

112 1159 164 1203 ³90
183 1154 244 1203 hinc
257 1155 341 1203 omnis
355 1155 428 1215 largo
441 1153 558 1216 pubescit
570 1152 645 1201 vinea
658 1153 719 1212 ictu,

183 1244 337 1306 conplentur
348 1244 480 1306 vallesque
493 1256 571 1291 cavae
583 1243 715 1304 saltusque
727 1242 850 1305 profundi

183 1340 208 1380 et
220 1346 385 1396 quocumque
397 1332 460 1380 deus
474 1331 571 1380 circum
585 1339 663 1394 caput
675 1332 728 1393 egit
740 1331 888 1382 honestum.

183 1435 244 1483 crgo
258 1421 305 1470 rite
318 1437 394 1470 suum
406 1421 511 1469 Baccho
525 1421 638 1469 dicemus
651 1420 778 1469 honorem

186 1509 342 1559 carminibus
354 1511 443 1573 patriis
457 1511 595 1573 lancesque
608 1517 634 1558 et
645 1509 699 1558 liba
710 1509 823 1559 feremus

111 1602 162 1646 ³95
183 1606 209 1647 et
221 1599 312 1647 ductus
326 1614 406 1648 cornu
420 1600 498 1647 stabit
510 1613 583 1648 sacer
594 1599 681 1647 hircus
695 1600 727 1647 ad
741 1614 815 1647 aram

182 1687 340 1751 pinguiaque
353 1688 380 1735 in
393 1687 494 1736 veribus
507 1687 660 1736 torrebimus
674 1694 734 1735 exta
746 1688 871 1737 columis.

216 1777 264 1825 Est
276 1777 355 1826 otiam
367 1777 412 1825 iile
425 1777 500 1825 labor
513 1777 633 1825 curandis
646 1775 738 1824 vitibus
752 1778 828 1837 alter,

182 1867 223 1914 cui
243 1880 385 1930 numquam
404 1866 521 1914 exhausti
542 1866 603 1914 satis
623 1873 675 1914 est:
699 1880 814 1929 namque
837 1881 890 1915 orm

484 1955 635 2018 quotannis

181 2050 271 2106 terque
296 2052 438 2107 quaterque
463 2046 546 2092 solum
572 2044 742 2092 scindendum
767 2044 890 2108 glaebaqr

483 2134 560 2182 versis

111 2227 162 2270 400
182 2228 312 2270 aeternum
328 2221 472 2283 frangenda
485 2221 641 2281 bidentibus,
657 2237 734 2270 omne
747 2222 889 2272 levandum

181 2311 378 2359 frondenemus.
398 2310 465 2358 redit
476 2311 597 2372 agricolis
608 2310 684 2359 labor
696 2318 768 2359 actus
781 2311 809 2358 in
823 2312 891 2362 orbe:

181 2407 259 2462 atque
271 2399 298 2447 iu
311 2414 339 2448 sa
351 2414 398 2447 sua
410 2414 456 2462 per
469 2400 576 2462 vestigia
588 2401 697 2448 volvitur
710 2415 802 2448 annus.

177 2503 211 2536 ac
221 2488 275 2536 iam
289 2488 361 2550 oiim,
377 2503 447 2538 seras
459 2489 547 2553 posuit
559 2504 617 2538 cum
630 2490 705 2537 vinea
717 2489 834 2551 frondes,

158 2574 279 2639 trigidae
293 2588 320 2631 et
331 2581 408 2631 silvis
421 2580 516 2647 aquilo
531 2578 648 2630 decussit
654 2578 797 2634 bonorem,

61 2658 124 2706 405
139 2661 203 2716 iam
219 2676 280 2721 tum
296 2689 365 2726 acer
380 2691 465 2727 curas
478 2672 641 2725 venientem
657 2663 825 2717 extenditis
841 2677 891 2708 aab

66 2758 76 2788 Ι
