1816 2956
347 377 372 414 Ρ.
390 374 511 415 veneral
531 373 663 414 maome

176 534 238 596 qnid
252 533 297 581 tibi
312 533 420 580 odorato
433 532 543 581 referam
556 532 677 581 sudantia
690 532 763 594 ligno

176 624 345 684 balsamaque
357 632 382 671 et
395 622 472 671 bacas
485 636 586 685 semper
597 621 740 670 frondentis
753 622 877 670 acanthi?

108 718 156 760 120
176 712 238 775 qnid
251 725 359 760 nemora
370 711 530 774 Aethiopum
542 711 616 759 molli
629 711 750 759 canentia
762 711 841 760 lana?

175 801 322 863 velleraque
335 806 364 848 ut
375 800 445 848 foliis
459 801 597 863 depectant
609 800 696 848 tenuia
709 799 800 848 Seres?

176 897 221 938 aut
233 903 298 952 quos
312 889 418 939 Oceano
431 889 538 952 propior
550 889 616 950 gerit
627 888 703 937 India
715 888 798 948 lucos,

176 979 281 1028 extremi
297 979 368 1026 sinus
382 978 460 1036 orbis,
475 977 519 1025 ubi
533 992 594 1026 aera
605 978 707 1027 vincere
719 992 849 1026 summum

176 1067 275 1116 arboris
289 1067 359 1115 haud
372 1068 441 1115 ullae
453 1067 523 1115 iactu
535 1074 642 1129 potuere
654 1066 783 1128 sagittae?

107 1163 156 1206 125
176 1165 202 1206 et
213 1171 277 1218 gens
289 1157 336 1205 illa
349 1156 453 1218 quidem
466 1157 574 1219 sumptis
587 1171 640 1204 non
653 1157 728 1203 tarda
739 1155 876 1218 pharetris.

176 1247 263 1295 Media
277 1246 325 1294 sert
337 1246 416 1293 tristis
429 1260 504 1293 sucos
518 1246 672 1307 tardumque
684 1258 805 1307 saporam

176 1335 259 1385 felicis
272 1335 343 1394 mali,
359 1349 411 1397 quo
424 1349 478 1381 non
490 1335 652 1398 praesentius
664 1335 756 1392 ullum,

176 1425 271 1487 pocula
284 1424 412 1486 siquando
426 1438 517 1471 saevae
528 1424 641 1472 infecere
653 1438 779 1472 novercae

176 1513 398 1576 [miscueruntque
410 1512 503 1560 herbas
516 1521 542 1561 et
553 1527 607 1560 non
620 1513 727 1560 innoxia
740 1511 840 1576 verba],

108 1609 156 1650 130
176 1601 301 1650 auxilium
313 1602 383 1650 venit
395 1618 425 1650 ao
438 1601 558 1650 membris
572 1602 627 1664 agit
639 1608 695 1649 ntra
707 1616 815 1650 venena.

176 1692 232 1754 ipsa
244 1691 336 1752 ingens
350 1691 424 1738 arbos
438 1690 581 1753 faciemque
595 1690 727 1738 simillima
740 1691 814 1738 lauro

176 1780 221 1843 (et,
237 1780 257 1827 si
271 1795 324 1827 non
338 1780 419 1827 alium
432 1781 483 1828 late
496 1780 604 1828 iactaret
616 1780 731 1838 odorem,

176 1871 264 1918 laurus
277 1869 359 1932 crat):
381 1869 444 1916 folia
457 1869 526 1916 hand
540 1869 601 1916 ullis
614 1868 729 1916 labentia
740 1869 822 1917 ventis
833 1885 840 1928 3

176 1960 222 2006 flos
237 1959 268 2006 ad
283 1958 366 2021 prima
379 1965 471 2016 teuex3
492 1958 592 2005 animas
606 1965 630 2005 ct
643 1958 742 2005 olentia
753 1958 823 2006 Medi

109 2055 155 2096 135
177 2064 223 2096 ora
235 2048 322 2096 fovent
334 2049 381 2096 illo
395 2057 420 2096 ct
432 2047 536 2097 senibus
550 2047 711 2094 medicantur
723 2047 834 2095 anhelis.

212 2136 263 2186 Sed
276 2152 360 2200 neque
372 2138 509 2186 Medorum
521 2137 601 2185 silvae
614 2137 740 2184 ditissima
752 2145 821 2184 terra

177 2242 224 2275 nec
236 2227 345 2289 pulcher
358 2224 462 2288 Ganges
476 2234 553 2289 atque
567 2241 630 2274 auro
643 2226 760 2273 turbidus
774 2225 886 2274 Hermus

177 2316 296 2364 laudibus
310 2316 401 2363 Italiac
414 2323 519 2374 certent,
535 2330 588 2362 non
601 2315 696 2363 Bactra
708 2329 793 2375 neque
805 2313 864 2362 Indi

177 2412 282 2467 totaque
295 2404 407 2452 turiferis
420 2404 553 2453 Panchaia
565 2405 670 2468 pinguis
683 2402 797 2452 harenis.

110 2502 158 2543 140
177 2495 241 2542 haec
254 2494 314 2541 loca
325 2506 379 2539 non
392 2493 458 2540 tauri
472 2493 599 2556 spirantes
611 2493 717 2541 naribus
729 2492 819 2555 ignem

177 2584 301 2632 invertere
313 2581 375 2630 satis
387 2582 499 2630 inmanis
512 2582 630 2631 dentibus
643 2582 717 2644 hydri

169 2687 221 2720 nec
230 2671 318 2736 galcis
332 2671 471 2737 densisque
483 2672 568 2720 virum
578 2687 651 2734 seges
663 2671 763 2719 horruit
775 2671 866 2730 hastis,

154 2761 206 2808 sed
216 2765 350 2826 gravidae
366 2764 460 2830 fruges
476 2760 617 2814 etBacchi
626 2759 844 2808 Massiensumex

140 2848 300 2920 inplevere,
320 2868 421 2912 tenent
434 2859 519 2909 oleae
534 2857 716 2909 armentariae
724 2845 810 2890 taem.
