1816 2956
145 229 151 243 ,
217 242 220 246 ,
267 206 416 246 andernes
434 207 521 245 rinna
538 207 588 245 vn.
765 198 824 246 337

100 363 170 410 bella
182 377 260 409 manu
274 363 405 422 letumque
417 355 499 424 gero.³

100 452 137 498 sic
151 451 228 499 effatu
240 451 323 498 fecem
336 451 422 498 iuveni
436 451 546 498 coniecit
559 457 584 499 et
597 459 651 499 atro

99 540 198 588 lumine
211 539 333 587 fumantis
347 540 403 586 fixit
415 538 462 586 sub
475 546 579 602 pectore
592 541 688 588 taedas.

100 628 146 676 olli
161 642 280 675 somnum
293 628 384 689 ingens
398 629 495 690 rumpit
506 643 587 691 pavor
596 642 706 690 ossaque
720 636 745 676 et
758 635 828 676 artus

100 716 214 778 perfudit
226 722 280 764 toto
293 724 431 778 proruptus
445 731 553 779 corpore
566 717 653 765 sudor.

48 808 81 850 60
101 819 172 851 arma
185 819 273 852 amens
287 804 385 862 fremit,
405 819 477 853 erma
496 813 552 852 toro
571 805 696 867 tectisque
709 805 825 867 requirit,

100 892 180 940 saevit
193 907 266 939 amor
278 893 338 940 ferri
352 900 377 940 et
389 894 514 942 scelerata
526 893 628 942 insania
641 893 712 951 belli,

99 980 138 1027 ira
151 994 244 1042 super3
264 995 360 1042 magno
373 981 451 1029 veluti
465 996 523 1029 cum
535 982 640 1031 flamma
652 994 745 1029 sonore

100 1068 187 1129 virgea
200 1069 347 1129 suggeritur
359 1070 436 1117 costis
449 1071 571 1118 undantis
585 1070 643 1119 aeni

100 1156 268 1218 exultantque
281 1164 353 1205 aestu
366 1158 470 1216 latices,
486 1158 548 1205 furit
560 1159 628 1206 intus
642 1158 720 1220 aquai
778 1157 779 1160 ’

48 1250 79 1293 65
99 1245 212 1293 fumidus
226 1252 303 1308 atque
316 1247 367 1295 alte
379 1247 476 1309 spumis
489 1246 613 1295 exuberat
625 1247 708 1295 amnis

99 1349 147 1382 nec
160 1335 212 1382 iam
225 1349 252 1383 se
267 1335 335 1397 capit
348 1335 433 1392 unda,
448 1336 519 1384 volat
531 1350 611 1398 vapor
624 1342 678 1384 ater
691 1335 723 1382 ad
738 1349 823 1384 auras.

99 1437 162 1484 ergo
174 1424 223 1470 iter
236 1423 268 1470 ad
281 1437 368 1484 regern
381 1424 481 1485 polluta
493 1437 557 1486 pace
570 1423 693 1472 Latinum

99 1512 190 1560 indicit
202 1511 291 1573 primis
304 1512 425 1559 iuvenum
438 1519 463 1560 et
475 1511 546 1560 iubet
557 1526 630 1560 arma
641 1511 736 1574 parari,

100 1601 176 1648 tutari
189 1600 301 1659 Italiam,
317 1600 451 1648 detrudere
464 1600 557 1647 finibus
571 1600 687 1658 hostem3

48 1690 80 1735 70
99 1701 126 1734 se
140 1688 200 1734 satis
215 1687 339 1735 ambobus
352 1689 510 1750 Teucrisque
523 1688 609 1736 venire
622 1687 783 1750 Latinisque.

99 1775 164 1823 haec
176 1774 220 1821 ubi
234 1775 302 1822 dicta
315 1757 386 1824 dedit
398 1777 521 1838 divosque
535 1777 561 1823 in
574 1783 634 1823 vota
646 1775 754 1834 vocavit,

101 1863 216 1910 certatim
230 1876 286 1910 sese
298 1863 387 1912 Rutuli
401 1865 570 1912 exhortantur
582 1865 609 1911 in
623 1877 702 1910 arma.

99 1951 168 1998 hunc
182 1951 259 1998 decus
278 1952 410 2013 egregium
428 1953 527 2000 formae
546 1957 631 1999 moret
643 1959 720 2014 utque
737 1951 825 1999 iuven-

398 2048 448 2100 tae,

98 2127 167 2175 hunc
180 2128 247 2176 atavi
260 2142 342 2189 reges,
358 2128 427 2177 hunc
440 2129 516 2178 claris
530 2129 636 2177 dextera
649 2128 732 2177 factis.

47 2220 77 2266 75
133 2216 204 2264 Dum
216 2217 318 2264 Turnus
331 2217 440 2265 Rutulos
454 2218 546 2266 animis
559 2210 700 2266 audacibus
712 2217 803 2279 inplet,

97 2306 200 2353 Allecto
214 2306 241 2353 in
254 2306 367 2354 Teucros
381 2304 476 2368 Stygiis
489 2321 516 2354 se
529 2307 642 2354 concitat
653 2306 711 2355 alie.

98 2401 151 2441 erte
164 2408 231 2442 nova
244 2395 376 2457 speculata
388 2395 483 2453 locum,
500 2409 551 2457 quo
564 2395 640 2443 litore
652 2394 759 2457 pulcher

97 2482 197 2529 insidiis
211 2497 338 2545 cursuque
351 2483 417 2531 feras
430 2482 546 2544 agitabat
556 2483 637 2542 Iulus,

97 2570 139 2618 hic
152 2570 263 2618 subitam
277 2571 383 2619 canibus
397 2570 494 2620 rabiem
507 2570 615 2633 Cocytia
627 2572 698 2632 virgo

47 2664 76 2708 30
97 2658 177 2705 obicit
189 2666 215 2706 et
226 2668 289 2705 uoto
303 2659 372 2707 uaris
386 2659 514 2722 contingit
526 2660 620 2718 odore,

78 2741 196 2794 Vergilius.
639 2737 684 2784 ‘2⁴2
