1816 2956
63 187 78 234 3
86 187 100 234 9
108 187 123 232 0
301 197 327 234 Ρ.
345 195 467 234 VERGILI
487 194 618 234 Mnaoms

131 353 250 400 ductores
264 351 393 399 Teucrum
406 352 481 414 primi
495 359 520 401 et
533 352 632 400 delecta
645 353 765 401 iuventus

61 445 111 488 225
132 441 269 489 consilium
282 440 389 488 summis
402 441 475 502 regni
489 440 608 488 derebus
622 440 765 501 habebant,

132 530 194 591 quid
207 528 321 577 facerent
334 530 422 592 quisve
434 530 539 578 Aeneae
552 530 605 578 iam
618 530 724 578 nuntius
738 541 823 590 esset;

131 625 200 666 stant
212 618 297 680 longis
311 618 400 665 adnixi
414 618 494 666 hastis
508 626 533 666 et
545 625 618 666 scuta
630 625 749 667 tenentes

132 714 275 756 castrorum
288 715 313 754 et
325 707 410 768 campi
423 707 517 755 medio.
545 715 600 754 tum
612 706 689 754 Nisus
703 715 729 755 et
741 723 797 757 una

131 795 259 859 Euryalus
273 795 408 843 confestim
422 796 520 843 alacres
533 795 664 842 admittier
677 804 771 855 orant3

62 888 113 932 230
132 899 186 933 rem
208 899 346 946 magnam,
373 884 535 946 pretiumque
560 898 648 932 morae
667 883 733 932 fore.
769 887 862 948 primus

433 973 506 1020 Iulus

133 1062 233 1124 accepit
245 1062 358 1124 trepidos
373 1077 402 1109 ac
416 1061 506 1109 Nisum
520 1061 604 1108 dicere
617 1061 700 1108 iussit.

132 1159 187 1198 turn
200 1151 236 1198 sic
249 1151 409 1212 Hyrtacides.
434 1141 534 1199 ‘audite
547 1166 563 1198 o
576 1151 706 1209 mentibus
720 1152 823 1214 aequis,

132 1239 281 1296 Aeneadae,
297 1253 360 1287 neve
373 1240 438 1288 haec
451 1240 544 1287 nostris
558 1246 705 1301 spectentur
718 1240 753 1288 ab
768 1241 844 1288 annis

133 1342 199 1390 quae
213 1328 326 1376 serimus.
354 1327 442 1376 Rutuli
456 1343 547 1375 somno
561 1329 673 1390 vinoque
686 1329 768 1376 soluti

63 1421 113 1464 235
134 1417 297 1475 conticuere3
312 1418 399 1464 locum
413 1417 513 1464 insidiis
529 1416 710 1479 conspeximus
724 1416 786 1479 ipsi,

133 1505 177 1568 qui
191 1513 263 1568 patet
274 1506 301 1552 in
314 1505 382 1552 bivio
396 1513 486 1567 portae
500 1521 566 1568 quae
579 1505 699 1568 proxima
712 1514 797 1568 ponto
808 1524 815 1565 3

134 1595 269 1656 interrupti
283 1595 365 1656 ignes,
382 1601 487 1654 aterque
501 1596 532 1642 ad
546 1595 631 1642 sidera
644 1593 730 1641 fumus

134 1683 257 1744 erigitur;
271 1683 292 1730 si
307 1683 411 1730 fortuna
424 1683 569 1744 permittitis
584 1682 619 1729 uti

134 1772 279 1834 quaesitum
292 1774 400 1819 Aenean
414 1781 438 1820 et
451 1772 554 1819 moenia
567 1770 712 1827 Pallantea,

64 1866 115 1909 240
134 1876 196 1908 mox
210 1861 251 1908 hic
266 1876 324 1908 curn
337 1861 435 1923 spoliis,
451 1860 550 1921 ingenti
564 1858 642 1907 caede
654 1867 772 1920 peracta,

135 1949 224 1997 adfore
237 1950 354 1997 cernetis.
382 1965 429 1997 noc
442 1964 489 1996 nos
502 1950 543 1995 via
555 1948 629 1995 fallet
641 1948 740 1994 euntis:

135 2039 244 2085 vidimus
258 2039 373 2086 obscuris
386 2039 495 2101 primam
509 2036 555 2084 sub
568 2036 678 2083 vallibus
692 2035 787 2085 urbem

136 2133 228 2174 venatu
242 2127 351 2174 adsiduo
365 2133 390 2174 et
403 2134 485 2173 totum
499 2125 666 2186 cognovimus
680 2118 808 2173 amnem.’

135 2215 177 2263 hic
191 2216 264 2262 annis
277 2215 361 2276 gravis
376 2224 453 2277 atque
466 2215 545 2261 animi
559 2221 673 2261 maturus
689 2213 783 2261 Aletes

64 2309 115 2352 245
132 2293 169 2351 ‘di
183 2304 268 2366 patrii,
285 2318 395 2365 quorum
408 2318 509 2365 semper
522 2303 569 2350 sub
583 2302 688 2348 numine
702 2301 822 2362 Troiam,

136 2400 287 2441 nontamen
302 2392 408 2439 omniuo
421 2392 534 2439 Teucros
549 2391 634 2438 delere
651 2391 759 2451 paratis,

131 2499 192 2534 oum
207 2483 266 2533 talis
281 2481 381 2532 animos
393 2480 515 2528 iuuenum
526 2487 551 2526 et
564 2487 616 2525 tarn
630 2485 699 2525 certa
713 2480 814 2528 tulistis

119 2569 245 2643 pectora'
261 2577 312 2644 (sic
328 2586 482 2628 memorans
494 2581 601 2616 umerus
613 2566 862 2622 amnemamnem

111 2673 273 2724 amborum
287 2681 314 2725 et
329 2669 444 2719 voltum
454 2658 579 2710 lacrimis
592 2658 673 2709 ardue
684 2648 862 2705 drangarum
