1816 2956
302 199 450 239 insumus
469 199 557 238 mnne
573 200 603 239 v.
787 191 847 240 279

125 357 180 420 ipse
193 357 255 405 mihi
270 371 352 418 nuper
363 354 467 416 Libyeis
479 362 507 403 tu
521 357 591 404 testis
604 357 631 403 in
645 356 720 404 undis

55 451 105 497 790
127 462 205 509 quam
223 446 319 493 molem
338 445 423 493 subito
437 445 558 493 excierit:
579 446 662 494 maria
675 445 765 495 omnia
777 446 850 495 eaelo

125 535 236 593 miscuit,
252 534 350 582 Aeoliis
363 534 521 595 nequiquam
535 533 599 582 freta
612 535 743 597 procellis,

125 624 152 671 in
165 623 251 685 reguis
264 622 315 671 hoc
328 637 391 670 ausa
405 622 465 670 tuis.

125 726 171 775 per
183 713 267 760 scelus
281 726 339 760 eece
352 711 430 760 etiam
442 711 562 759 Troianis
575 710 699 759 matribus
713 711 776 760 actis

126 801 223 849 exussit
235 800 310 848 foede
323 800 416 864 puppis
430 807 455 848 et
467 800 549 848 classe
562 799 664 861 subegit

56 892 106 939 795
127 889 222 937 amissa
234 890 319 938 socios
332 890 437 951 ignotae
450 889 568 951 linquere
581 896 672 937 terrae.

127 978 195 1040 quod
210 984 333 1040 superest,
349 992 404 1035 oro,
420 977 497 1025 liceat
510 977 571 1024 dare
584 983 639 1024 tuta
652 991 697 1039 per
709 976 793 1025 undas

125 1047 251 1125 veia'tibi,
266 1067 343 1114 liceat
355 1065 511 1113 Laurentem
524 1065 650 1127 attingere
662 1065 797 1128 Thybrim,

125 1156 146 1203 si
160 1169 284 1203 concessa
295 1162 365 1217 peto,
380 1154 401 1201 si
415 1154 478 1201 dunt
490 1168 521 1202 ea
533 1154 636 1202 moenia
648 1145 760 1216 parcae’

126 1251 180 1291 tum
194 1242 329 1292 Saturnius
343 1243 407 1291 haee
420 1243 532 1290 domitor
545 1243 623 1290 maris
637 1243 718 1291 edidit
730 1243 784 1291 alti.

55 1337 107 1381 800
122 1323 172 1380 ‘ias
186 1347 263 1380 omne
276 1340 321 1390 est,
338 1330 474 1394 Cytherea,
490 1331 553 1379 meis
567 1337 591 1379 te
604 1331 682 1380 fidere
695 1331 791 1394 regnis,

125 1422 194 1469 unde
207 1436 287 1483 genus
301 1420 382 1468 ducis.
411 1420 492 1468 merui
506 1434 624 1482 quoque:
646 1435 723 1483 saepe
736 1419 835 1469 furores

127 1510 267 1573 compressi
281 1516 306 1558 et
318 1508 416 1557 rabiem
429 1514 528 1564 tautam
541 1509 659 1571 caelique
672 1509 810 1572 marisque.

127 1612 175 1645 nee
187 1597 272 1645 minor
283 1598 311 1645 in
323 1598 407 1657 terris,
421 1597 556 1667 Xanthum
564 1597 750 1660 Simoentaque
762 1604 851 1656 testor,

126 1687 232 1734 Aeneae
245 1687 384 1734 mihieura
397 1687 443 1734 tui.
472 1701 530 1735 cum
543 1687 623 1734 Troia
635 1686 752 1735 Achilles

55 1779 106 1824 805
127 1775 276 1823 exanimata
288 1789 396 1838 sequens
409 1775 555 1838 inpingeret
568 1775 672 1836 agmina
685 1774 774 1834 muris,

126 1863 199 1911 milia
211 1864 294 1912 muita
306 1864 379 1913 daret
392 1865 444 1912 leto
456 1871 640 1925 gemerentque
652 1863 744 1926 repleti

128 1967 216 2001 amnes
230 1967 277 2001 nee
290 1953 401 2014 reperire
414 1952 482 2000 viam
495 1960 572 2014 atque
585 1953 701 2001 evolvere
714 1959 801 2015 posset

127 2041 154 2088 in
167 2056 237 2090 mare
250 2057 278 2090 se
290 2041 418 2100 Xanthus,
434 2041 541 2090 Pelidae
554 2049 615 2090 tunc
628 2055 676 2103 ego
689 2041 749 2089 forti

128 2144 295 2192 congressum
307 2131 415 2178 Aenean
428 2145 477 2178 neo
490 2130 528 2178 dis
542 2144 589 2178 neo
602 2131 697 2178 viribus
711 2129 799 2192 aequis

55 2224 110 2268 810
130 2219 198 2267 nube
211 2235 274 2267 aava
287 2219 370 2282 rapui,
387 2233 506 2282 euperem
520 2234 579 2267 eum
591 2226 689 2268 vertere
701 2218 734 2266 ab
747 2219 801 2268 imo

127 2314 224 2356 structa
235 2308 299 2357 meis
312 2307 431 2356 manibus
443 2308 561 2371 periurae
574 2308 678 2356 moenia
690 2307 793 2355 Troiae.

128 2409 197 2445 nuuc
222 2410 326 2460 quoque
351 2410 424 2444 meus
449 2398 540 2445 eadem
565 2403 662 2460 perstat
680 2395 760 2455 mihi3
787 2395 854 2458 pelle

428 2486 556 2534 timorem.

127 2581 198 2621 tutus
212 2588 277 2635 quos
291 2579 365 2636 optas
378 2580 467 2636 portus
481 2574 587 2622 accedet
599 2573 704 2623 Averni.

127 2677 194 2712 unus
207 2662 255 2711 erit
273 2669 373 2710 tantum
386 2662 509 2712 amissum
528 2677 609 2728 quern
626 2663 737 2727 gurgite
749 2665 877 2723 quaere&
