1816 2956
78 177 139 224 388
317 184 344 224 r.
360 184 482 224 venerut
502 183 634 223 meroris

148 348 259 391 rectores
272 341 393 390 iuvenum
406 349 432 390 et
444 354 528 389 rerum
542 340 613 388 dedit
626 354 680 388 esse
693 341 843 402 magistros.

148 430 233 478 omnis
246 444 292 492 per
304 444 392 477 muros
405 430 485 491 legio,
500 429 592 477 sortita
604 429 739 492 periclum,

149 517 261 567 excubat
273 525 426 581 exercetque
439 518 515 576 vices,
532 519 601 580 qnod
616 518 711 580 cuique
719 519 878 567 tuendnmst.

184 606 261 655 Nisus
274 614 329 655 erat
341 614 432 669 portae
445 613 540 666 custos,
556 606 695 655 acerrimus
708 607 799 666 armis,

80 699 128 744 175
149 694 309 758 Hyrtacides,
326 696 447 744 camitem
459 695 564 744 Aeneae
578 709 655 758 quem
667 694 776 743 miserat
788 695 835 744 Ida

149 785 274 843 venatrix,
289 784 376 832 iaculo
389 785 499 832 celerem
512 783 662 846 levibusque
675 783 789 845 sagittis,

149 879 175 920 et
186 873 259 920 iuxta
272 887 357 921 comes
369 872 507 934 Euryalus,
523 887 575 935 quo
588 871 723 935 pulchrior
735 872 805 921 alter

150 975 201 1008 non
215 961 264 1008 suit
275 960 429 1009 Aeneadum
441 961 557 1009 Troiana
568 974 654 1023 neque
666 960 752 1007 induit
766 974 849 1016 mma,

150 1063 197 1098 ore
209 1063 273 1112 puer
285 1049 369 1111 prima
382 1049 489 1111 signans
501 1049 606 1096 intonsa
617 1049 731 1097 iuventa.

80 1143 130 1186 180
149 1138 189 1185 his
203 1153 276 1186 amor
289 1152 355 1185 unus
369 1146 423 1186 erat
436 1139 582 1200 pariterque
594 1138 623 1185 in
635 1137 705 1185 bella
717 1137 848 1197 ruebant3

149 1234 204 1275 tum
217 1241 322 1290 quoque
335 1227 465 1275 communi
480 1234 581 1289 portem
594 1226 705 1274 statione
717 1225 853 1274 tenebant.

149 1315 226 1363 Nisus
240 1315 276 1363 ait
285 1305 357 1363 ‘dine
369 1315 439 1362 hunc
452 1315 571 1362 ardorem
583 1313 711 1362 mentibus
725 1314 839 1374 addunt,

149 1403 269 1466 Euryale,
286 1419 319 1450 an
333 1418 380 1451 sua
393 1403 486 1465 cuique
500 1405 561 1451 deus
575 1402 604 1449 lit
616 1402 672 1449 dira
684 1401 802 1464 cupido?

151 1499 196 1539 aut
208 1506 322 1554 pugnam
341 1499 386 1539 aut
405 1491 504 1553 aliquid
518 1491 661 1538 iandudum
674 1490 799 1539 inuadere
812 1507 882 1554 mag·

445 1594 507 1626 num

81 1673 130 1716 185
150 1683 222 1716 mens
236 1668 318 1729 agitat
330 1667 394 1714 mihi
409 1681 457 1715 nec
471 1668 575 1729 placida
588 1673 710 1714 contenta
723 1668 847 1729 quietest.

151 1757 233 1805 cernis
248 1771 314 1818 quae
327 1755 436 1803 Rutulos
450 1755 545 1803 habeat
557 1754 651 1802 fiducia
664 1769 761 1804 rerum.

151 1845 250 1892 lumina
262 1859 321 1892 rara
333 1845 438 1902 micant,
454 1858 546 1891 somno
559 1843 670 1905 vinoque
683 1845 764 1892 soluti

151 1933 319 1995 procubuere,
334 1933 411 1981 silent
423 1933 475 1980 late
488 1933 555 1980 loca.
583 1932 687 1994 percipe
700 1947 784 1994 porro

152 2022 213 2083 quid
228 2021 342 2069 dubitem
354 2028 380 2069 et
392 2036 459 2082 quae
473 2035 542 2069 nunc
550 2021 636 2067 auimo
644 2022 880 2088 sententiesurgat.

83 2115 131 2157 190
151 2111 258 2158 Aenean
273 2109 349 2156 acciri
364 2123 462 2168 amnes,
477 2108 641 2170 populusque
654 2115 807 2173 patresque,

152 2204 294 2260 exposcunt
307 2197 424 2259 mittique
437 2197 504 2244 viros
518 2197 561 2259 qui
576 2204 645 2244 certa
658 2205 804 2258 reportent.

151 2287 181 2345 si,
198 2286 243 2334 tibi
257 2300 324 2348 qnae
337 2300 425 2348 posce,
443 2286 596 2348 promittuut
609 2283 682 2347 (nam
694 2285 761 2334 mihi
777 2289 841 2338 facti

152 2375 221 2423 sema
234 2383 274 2422 sat
286 2374 345 2437 est),
360 2375 459 2421 tumulo
472 2375 561 2422 videor
573 2374 684 2435 reperire
697 2374 745 2421 sub
761 2377 811 2425 illo

145 2479 226 2529 posse
240 2463 309 2513 viam
323 2463 356 2512 ed
368 2476 455 2510 muros
469 2470 494 2511 et
506 2462 610 2510 moenia
623 2456 786 2511 Pallantea.³

64 2558 118 2605 195
139 2556 278 2624 obstipuit
290 2570 392 2620 magun
404 2553 520 2604 leudam
529 2563 666 2612 percussus
677 2563 767 2597 amane

127 2648 280 2718 Euryalus
291 2669 297 2715 3
320 2649 408 2701 simul
420 2644 469 2695 bis
482 2641 626 2692 ardentem
635 2632 737 2678 auram
749 2635 876 2678 aulicum.
