1816 2956
273 190 443 232 GEOROICON
461 193 549 232 eman
565 194 596 233 11.
797 186 834 232 75

139 348 287 398 Seminibus
299 349 390 411 positis
403 357 520 413 superest
533 351 655 400 diducere
669 360 764 400 terram

51 443 83 486 55
104 439 208 501 saepius
221 437 253 486 ad
268 438 353 501 capita
366 446 391 487 et
404 440 482 487 duros
495 440 591 488 iactare
605 439 725 498 bidentis,

104 533 149 575 aut
161 541 250 589 presso
263 541 382 576 exercere
395 529 481 576 solum
493 528 541 576 sub
554 544 656 577 vomere
670 536 695 577 et
707 529 765 591 ipsa

102 616 205 665 flectere
218 617 344 665 luctantes
358 617 424 665 inter
438 618 523 666 vineta
535 618 673 676 iuvencos3

102 712 159 753 tum
171 705 234 753 levis
248 706 363 753 calamos
377 713 402 754 et
414 721 488 755 rasae
501 707 607 755 hastilia
619 707 705 768 virgae

103 793 285 856 fraxineasque
298 802 386 856 aptare
399 796 476 844 sudes
488 796 625 858 furcasque
638 795 755 854 valentis,

50 887 83 931 60
102 882 199 930 viribus
213 883 275 931 eniti
289 899 398 947 quarum
412 893 436 932 et
449 893 613 933 contemnere
626 893 714 933 ventos

102 973 259 1020 adsuescant
270 987 436 1035 samniusque
448 974 521 1036 sequi
541 973 658 1022 tabulata
674 988 720 1036 per
738 974 831 1021 ulmos.

138 1063 179 1109 Ac
192 1061 253 1108 dum
265 1062 349 1124 prima
362 1063 433 1110 novis
448 1063 573 1110 adolescit
586 1062 720 1110 frondibus
734 1070 812 1120 aetas,

102 1151 264 1213 parcendum
275 1152 378 1208 teneris,
394 1161 419 1199 et
433 1152 495 1199 dum
507 1167 535 1199 se
548 1152 630 1200 laetus
644 1151 676 1198 ad
690 1165 766 1198 auras

102 1240 203 1303 palmes
216 1241 278 1302 agit,
295 1241 361 1288 laxis
374 1255 420 1303 per
433 1255 525 1303 purum
539 1241 660 1287 inmissus
673 1239 789 1296 habenis,

49 1333 82 1376 65
103 1328 161 1390 ipsa
173 1328 229 1376 acie
240 1329 357 1376 nondum
370 1329 443 1377 falcis
457 1330 614 1392 temptanda,
630 1330 674 1376 sed
689 1329 764 1376 uncis

104 1418 248 1479 carpendae
261 1417 380 1465 manibus
394 1418 497 1466 frondes
511 1418 628 1480 interque
642 1418 775 1480 legendae.

103 1507 165 1554 inde
177 1506 221 1554 nbi
234 1506 286 1554 iam
299 1507 390 1555 validis
404 1507 539 1569 amplexae
553 1507 674 1570 stirpibus
688 1509 772 1555 ulmos

103 1595 222 1654 exieriut,
238 1602 292 1643 turn
305 1596 402 1658 stringe
416 1611 512 1654 comas,
528 1604 582 1644 tum
596 1597 717 1645 bracchia
730 1597 809 1645 tonde

102 1684 176 1748 (aute
188 1684 358 1732 reformidant
370 1685 486 1747 ferrum),
502 1692 556 1733 tum
569 1686 681 1748 denique
695 1687 758 1733 dura

50 1779 82 1822 70
103 1788 193 1822 exerce
206 1773 314 1836 imperia
327 1782 353 1823 et
364 1790 449 1822 ramos
464 1790 598 1838 compesce
613 1776 729 1823 fluentes.

138 1863 277 1911 Texendae
289 1879 378 1926 saepes
391 1865 469 1912 etiam
481 1872 589 1927 etpeeus
598 1865 829 1921 omnetenendum‚

101 1952 239 2015 praecipue
247 1952 386 2001 dumsrons
394 1961 482 2002 tenera
493 1954 685 2016 inprudensque
697 1953 831 2010 laborum;

103 2041 145 2089 cui
158 2055 235 2103 super
248 2042 367 2104 indignas
380 2042 477 2090 hiemes
491 2043 622 2104 solemque
636 2049 767 2104 potentem
826 2031 829 2037 ¹

101 2131 229 2178 silvestres
243 2131 281 2178 uri
296 2131 403 2180 adsidue
417 2146 561 2194 capraeque
574 2146 696 2193 sequaces

49 2224 81 2269 75
101 2219 232 2275 inludunt,
247 2228 387 2283 pascuntur
401 2235 460 2269 oves
473 2221 614 2283 avidaeque
627 2221 758 2269 iuvencae.

101 2308 200 2370 frigora
211 2324 260 2358 nee
273 2316 373 2358 tantum
387 2325 452 2358 cana
465 2317 585 2358 concreta
597 2310 690 2372 pruina

101 2405 148 2446 aut
159 2398 244 2460 gravis
258 2398 410 2447 incumbens
423 2399 536 2461 seopulis
550 2399 680 2447 arentibus
695 2406 778 2447 aestas

101 2494 228 2551 quantum
240 2488 278 2536 illi
291 2502 403 2537 nocuere
414 2502 507 2552 greges
521 2488 636 2556 durique
647 2504 787 2540 renonum

91 2575 175 2619 dentis
186 2580 213 2620 et
222 2576 346 2625 admorso
358 2579 469 2642 signata
484 2583 512 2633 in
526 2585 616 2652 stirpe
632 2582 762 2636 alcaeus.

49 2660 55 2693 '
73 2669 127 2699 '¹⁰¹²
140 2658 219 2705 allam
235 2662 267 2708 ⁰⁰
283 2668 396 2730 culpam
410 2672 531 2728 Baccho
549 2695 640 2747 caper
658 2673 801 2729 annianus
816 2667 877 2717 ab*
