1816 2956
111 198 169 244 184
345 207 372 246 Ρ.
389 205 510 246 vanem
529 205 670 246 MAROle-

177 368 280 427 torquet
304 377 383 425 agens
409 363 505 411 circum
530 369 555 410 et
576 362 680 425 rapidus
699 369 772 410 vorat
791 377 904 425 aequore

477 457 572 500 vertex.

177 541 302 603 adparent
314 540 365 587 rari
378 545 468 588 nautes
481 539 508 586 in
521 540 623 602 gurgite
635 546 716 599 vasto,

177 643 248 676 arma
260 628 343 676 virum
355 628 509 690 tabulaeque
522 635 547 677 et
559 629 638 676 Troia
651 643 716 690 gaza
727 643 773 691 per
787 628 877 676 undas.

108 721 158 764 120
176 717 229 764 iam
241 717 354 765 validam
365 716 459 765 Ilionei
472 731 571 776 navem,
587 716 640 765 iam
653 717 725 764 fortis
738 717 864 775 Achatae,

176 812 202 854 et
213 820 266 868 qua
277 811 362 854 vectus
375 805 446 853 Abas
460 812 486 853 et
498 820 550 868 qua
562 805 721 866 grandaevos
735 805 831 864 Aletes,

175 893 236 942 vicit
248 893 339 954 hiems,
355 894 421 942 laxis
434 894 544 942 laterum
558 894 716 957 conpagibus
730 908 818 942 omnes

177 982 307 1045 accipiunt
319 982 451 1031 inimicum
464 983 573 1031 imbrem
586 983 708 1045 rimisque
721 983 852 1031 fatiscunt.

210 1070 312 1120 Interea
324 1085 420 1132 magno
433 1071 535 1120 misceri
547 1085 676 1119 murmure
689 1077 798 1133 pontum

107 1163 156 1206 125
176 1159 345 1221 emissamque
358 1159 469 1208 hiemem
481 1161 561 1209 sensit
572 1160 705 1223 Neptunus
719 1167 745 1207 et
756 1160 814 1207 imis

175 1253 268 1309 stagna
279 1247 365 1296 refusa
376 1249 456 1308 vadis,
472 1249 583 1311 graviter
595 1254 753 1307 commotam
775 1255 801 1296 et
813 1249 867 1296 alto

175 1335 334 1398 prospiciens
347 1351 448 1384 summa
460 1337 591 1399 placidum
605 1345 681 1399 eaput
694 1337 786 1384 extulit
798 1339 877 1385 unda.

176 1423 309 1472 disiectam
321 1425 425 1474 Aeneae
438 1432 492 1473 toto
505 1425 574 1473 videt
586 1439 697 1488 aequore
711 1427 828 1484 classem,

174 1512 292 1560 fluctibus
306 1527 441 1576 oppressos
454 1513 537 1561 Troas
551 1515 667 1576 caelique
680 1515 763 1561 ruina.

107 1605 156 1648 130
174 1615 222 1649 neo
235 1601 333 1651 latuere
347 1603 400 1650 doli
413 1602 517 1650 fratrem
529 1603 636 1650 lunonis
651 1610 676 1650 et
688 1604 750 1652 irae.

174 1689 271 1737 Eurum
291 1690 323 1737 ad
342 1705 369 1738 se
388 1690 585 1754 Zephyrumque
609 1700 697 1751 vocat,
724 1693 817 1740 dehinc
840 1694 904 1741 talia

476 1779 551 1828 fatur.

208 1866 334 1915 ‘Tantane
346 1882 391 1915 vos
404 1869 505 1929 generis
518 1869 600 1917 tenuit
613 1870 707 1918 fiducia
721 1871 814 1918 vestri?

173 1956 226 2004 iam
238 1955 338 2005 caelum
351 1962 497 2020 terramque
511 1973 568 2005 meo
581 1958 637 2006 sine
650 1960 764 2017 numine,
781 1961 859 2018 venti,

172 2045 280 2093 miscere
293 2051 318 2093 et
330 2052 414 2094 tantas
428 2046 527 2094 audetis
541 2047 632 2095 tollere
645 2048 743 2095 moles?

106 2137 153 2181 135
174 2148 238 2195 quos
257 2147 305 2196 ego
318 2161 361 2181 -.
401 2135 445 2182 sed
459 2142 543 2183 motos
556 2142 669 2198 praestat
682 2150 828 2198 conponere
842 2137 904 2184 fluc-

474 2231 528 2272 tus:

173 2317 232 2372 post
244 2310 307 2358 mihi
321 2325 374 2359 uon
387 2312 464 2360 simili
478 2327 563 2375 poena
576 2314 713 2361 commissa
726 2314 810 2361 luctis.

173 2405 299 2448 maturate
311 2399 400 2462 fugam
413 2403 519 2464 regique
532 2403 596 2450 haec
610 2402 686 2450 dicite
700 2410 792 2462 vestro,

173 2502 226 2534 non
240 2488 278 2535 illi
291 2489 427 2552 imperium
440 2491 526 2553 pelagi
540 2506 694 2553 saevomque
707 2492 855 2551 tridentem,

172 2576 216 2623 sed
230 2577 292 2624 mihi
306 2585 374 2626 sorte
388 2578 484 2647 datum.
513 2586 582 2628 tenet
594 2581 637 2627 illo
651 2580 767 2627 inmania
779 2596 853 2640 saxa,

98 2669 150 2710 140
170 2671 274 2726 vestras,
290 2666 368 2729 Eure,
385 2669 492 2728 domos3
511 2668 559 2716 illa
571 2683 598 2716 se
611 2669 689 2716 iactet
701 2669 727 2716 in
742 2670 803 2716 arria
