1816 2956
58 158 120 206 416
297 167 324 206 P.
340 164 462 205 vultum
483 163 613 205 uaaoms

128 323 216 382 redde,
232 336 287 381 oro,
303 322 403 370 miseris
415 321 560 384 iterumque
572 321 704 370 revolvere
718 337 795 371 casus

129 412 172 470 da,
186 419 269 474 puter,
283 411 380 459 Iliacos
393 402 520 458 Teucris?
544 416 599 457 tum
611 410 684 472 reg-ia
696 409 766 459 Iuno

129 508 188 548 aeta
200 499 286 547 furore
299 499 370 561 gravi
380 487 454 561 ‘quid
467 512 509 547 me
521 499 575 547 alta
588 497 693 546 silentia
705 502 780 562 eogis

129 602 247 650 rumpere
260 595 286 636 et
298 588 438 636 obductum
451 587 534 636 verbis
547 586 653 648 volgare
666 587 804 637 dolorem?
883 560 886 617 Ῐ

75 682 108 726 65
128 677 237 726 Aenean
249 677 384 725 hominum
398 676 535 738 quisquam
548 675 687 737 divomque
700 677 805 740 subegit

129 767 199 815 bella
211 766 283 828 sequi
298 771 342 813 aut
354 764 453 812 hostem
467 764 522 826 regi
535 776 563 812 se
575 763 670 812 inferre
682 763 797 814 Latino?

129 855 232 902 Italiam
246 853 304 901 fatis
317 853 391 915 petiit
404 852 567 901 auctoribus:
589 858 660 900 esto:

130 941 293 991 Cassandrae
305 942 422 1004 inpulsus
436 941 524 989 furiis:
545 952 609 988 num
621 940 744 1003 linquere
757 952 840 992 castra
881 956 884 985 ι

129 1031 224 1079 hortati
238 1045 325 1078 sumus
339 1037 384 1077 aut
395 1030 473 1077 vitam
487 1029 646 1078 committere
659 1031 765 1078 ventis?

76 1124 110 1170 70
129 1134 192 1167 num
205 1133 285 1182 puero
299 1133 426 1166 summam
439 1117 510 1177 belli,
525 1132 587 1165 uum
600 1117 707 1167 eredere
720 1134 819 1178 muros,

129 1208 341 1271 Tyrrhenamque
353 1207 430 1256 fldem
443 1214 487 1256 aut
499 1207 582 1269 gentis
597 1206 696 1268 agitare
711 1208 829 1270 quietas?

130 1282 190 1360 quis*
201 1298 263 1345 deus
276 1296 303 1343 in
316 1296 442 1354 fraudem,
459 1309 525 1357 quae
539 1295 605 1343 dura
616 1295 739 1356 potentia
752 1296 832 1345 nostri

130 1385 199 1448 egil?
218 1385 262 1433 ubi
275 1385 318 1433 hie
330 1385 396 1432 luno
410 1384 551 1432 demissave
563 1381 676 1430 nubibus
688 1382 760 1433 Irisl

129 1475 265 1536 indignum
279 1480 317 1521 esi
329 1473 409 1520 Italos
423 1472 528 1520 Troiam
542 1470 703 1520 circumdare
717 1474 828 1522 flammis

78 1566 110 1612 75
131 1570 279 1611 nascentem
293 1570 318 1610 et
330 1561 415 1624 patria
427 1560 544 1608 Turnum
559 1558 700 1608 consistere
714 1568 794 1620 terra,

131 1651 172 1699 oui
185 1651 320 1698 Pilumnus
334 1665 403 1703 avos,
420 1650 459 1698 oui
474 1649 533 1696 diva
545 1647 650 1696 Venilia
663 1656 766 1698 inater:

131 1741 191 1802 quid
206 1739 262 1788 saue
274 1733 402 1788 Troianos
416 1745 472 1786 atra
484 1738 534 1785 vim
548 1736 613 1784 ferre
626 1736 741 1798 Latinis,

130 1844 192 1877 unia
205 1828 291 1876 aliena
309 1829 371 1890 iugo
384 1841 499 1890 premere
513 1834 590 1888 atque
603 1833 720 1874 avertere
734 1824 855 1890 praedas?

130 1918 191 1980 quid
205 1931 308 1965 soceros
322 1917 407 1978 legere
421 1923 445 1963 et
457 1915 561 1977 gremiis
575 1914 704 1962 abducere
718 1925 818 1978 paetus,

77 2012 110 2055 80
130 2021 221 2069 pacem
235 2020 408 2063 ereremum,
424 2005 564 2067 praefigere
578 2002 709 2065 puppibus
724 2006 815 2053 arma?

130 2105 157 2142 tu
170 2102 242 2157 potes
256 2096 364 2142 Aenean
377 2093 496 2142 munibus
510 2092 653 2140 subducere
666 2089 780 2141 Graium

129 2197 228 2245 proque
241 2183 294 2230 viro
308 2183 431 2231 nebulam
444 2190 469 2230 et
481 2189 570 2230 ventos
583 2180 726 2229 obtendere
740 2182 827 2231 inanis

130 2279 154 2320 et
167 2280 239 2335 potes
252 2272 279 2318 in
292 2272 399 2318 totidem
413 2272 521 2319 classem
535 2276 683 2319 convertere
696 2272 842 2334 nymphas:

129 2375 176 2409 nos
191 2361 289 2422 aliquid
302 2360 412 2407 Rutulos
426 2367 516 2407 eontra
529 2358 621 2406 iuvisse
635 2357 823 2409 nefandumst?

75 2453 108 2498 85
128 2450 230 2499 Aeneas
244 2450 349 2512 ignarus
363 2448 449 2496 abest:
471 2447 575 2509 ignarus
589 2453 614 2494 et
627 2446 702 2494 absit.

119 2551 162 2594 esi
173 2542 284 2610 Paphus
298 2541 469 2603 idaliumque
479 2536 538 2595 iulii,
550 2543 610 2582 sum
620 2535 675 2580 aba
685 2533 819 2594 Cythera:

109 2641 178 2706 quid
186 2631 431 2708 gravjdambellis
437 2627 533 2678 urbem
540 2621 869 2677 eaeeibuaapexauemquss’r
