1816 2956
253 187 401 227 nanninus
422 188 508 226 tiana
526 189 567 226 rv.
746 178 811 226 223

78 345 141 408 quid
155 344 263 392 delubra
274 345 380 392 iuvant?
416 354 453 393 est
466 346 552 393 mollis
565 345 669 392 llarnma
681 345 814 392 medullas

77 434 178 481 interea
190 441 216 481 et
228 434 335 481 tacitum
348 434 408 481 vivit
420 433 467 481 sub
481 442 585 496 pectore
597 434 698 481 volnus.

78 523 161 570 uritur
173 522 265 576 infelix
277 521 347 569 Dido
361 529 466 584 totaque
479 531 587 584 rugatur

77 611 142 660 urbe
155 610 251 671 furens,
267 611 352 673 qualis
366 612 484 659 coniecta
496 626 571 659 cerva
583 610 687 672 sagitta,

25 705 57 750 70
78 714 157 762 quarn
170 701 260 762 procul
273 701 405 747 incautam
418 715 525 748 nemora
538 700 603 747 inter
617 698 706 748 Cresia
719 701 774 748 lixit

77 795 166 852 pastor
179 803 258 850 agens
272 789 329 847 telis
344 789 471 851 liquitque
483 788 588 836 volatile
601 788 696 836 ferrum

76 877 197 936 nescius3
218 877 264 925 illa
277 877 339 939 luga
352 878 428 925 silvas
442 878 574 939 saltusque
587 886 708 939 peragrat

76 966 210 1023 Dictaeos,
226 965 315 1013 haeret
327 966 400 1013 lateri
414 966 498 1014 letalis
512 966 640 1013 harundo.

76 1069 146 1103 nune
159 1054 245 1102 media
257 1056 365 1102 Aenean
378 1069 465 1102 secum
480 1069 524 1117 per
537 1055 641 1102 moenia
654 1054 725 1102 ducit

24 1149 56 1195 75
78 1142 253 1205 Sidoniasque
266 1150 379 1191 ostentat
392 1158 453 1206 opes
466 1143 607 1204 urbemque
620 1150 737 1204 paratam
748 1160 758 1202 ;

77 1232 169 1295 incipit
181 1232 262 1291 effari,
278 1233 415 1294 mediaque
428 1232 455 1279 in
469 1247 530 1280 voce
543 1231 653 1289 resistit3

76 1335 147 1369 nunc
159 1322 249 1369 eadent
263 1321 365 1369 labente
379 1321 420 1369 die
434 1321 550 1369 convivia
564 1320 665 1382 quaerit

76 1409 222 1471 Iliacosque
235 1410 329 1457 iterum
341 1411 446 1457 demens
460 1410 548 1457 audire
562 1409 663 1457 labores

77 1498 194 1560 exposcit
206 1499 352 1561 pendetque
364 1499 457 1546 iterum
470 1499 598 1545 narrantis
612 1498 643 1546 ab
658 1513 711 1545 ore.

25 1593 55 1637 30
75 1593 143 1650 post,
159 1586 202 1633 ubi
217 1587 334 1648 digressi,
350 1588 489 1650 lumenque
503 1587 613 1634 obscura
625 1587 737 1634 vicissim

76 1676 140 1724 luna
151 1676 245 1739 premit
257 1677 416 1738 suadentque
430 1675 549 1723 cadentia
562 1675 647 1722 sidera
659 1690 773 1734 somnos,

76 1764 132 1812 solu
146 1765 223 1812 domo
237 1773 334 1813 maeret
346 1780 436 1823 vacua,
452 1764 590 1825 stratisque
604 1764 698 1811 relictis

76 1852 190 1901 incubat.
213 1853 287 1900 illum
300 1853 392 1900 absens
404 1853 535 1900 absentem
545 1852 667 1914 auditque
674 1852 809 1915 videtque„

76 1948 122 1988 aut
133 1941 232 2003 gremio
245 1942 396 2000 Ascanium,
412 1942 536 2003 genitoris
550 1941 663 2002 imagine
676 1949 761 2003 eapte,

25 2034 55 2079 35
76 2030 182 2088 detinet,
198 2030 334 2078 infandum
347 2031 367 2077 si
382 2030 471 2078 iallere
484 2030 565 2093 possit
578 2045 701 2078 amorem.

75 2132 129 2165 non
143 2128 249 2180 coeptae
262 2120 405 2180 adsurgunt
417 2127 512 2178 turres,
532 2134 584 2166 non
603 2134 675 2167 arma
687 2119 811 2167 iuventus

75 2214 178 2255 exercet
189 2214 309 2268 portusve
323 2215 367 2254 aut
380 2208 577 2270 propugnacula
589 2208 658 2256 bello

75 2303 131 2343 tuta
144 2303 252 2358 parant;
272 2297 386 2358 pendent
399 2311 478 2358 opera
490 2296 632 2360 interrupta
645 2297 788 2358 minaeque

74 2398 207 2431 murorum
220 2384 336 2446 ingentes
350 2393 511 2447 aequataque
524 2386 645 2433 machina
658 2386 739 2433 caelo.

25 2478 54 2521 30
111 2470 196 2531 Quam
210 2473 287 2521 simul
301 2489 331 2522 ac
344 2474 389 2521 tali
403 2475 529 2536 persensit
541 2480 612 2536 peste
625 2473 705 2520 teneri

75 2575 136 2608 cara
148 2560 214 2608 Iovis
229 2562 351 2620 coniunx,
367 2576 415 2610 nee
428 2563 524 2610 famam
538 2563 640 2609 obstare
653 2560 741 2618 furori,

74 2648 169 2696 talibus
183 2650 332 2711 adgreditur
345 2651 474 2700 Venerem
486 2651 614 2701 Saturnia
626 2650 716 2698 dacus.

801 2734 839 2790 A
