1816 2956
314 181 463 221 Annulnos
482 181 568 220 Llsurt
583 182 614 219 11.
804 172 859 218 187

130 356 181 399 me,
197 340 267 389 bello
281 355 295 388 e
309 348 380 387 tanto
394 339 538 400 digressum
552 345 576 385 et
590 337 667 404 caede
680 338 785 394 recenti,

131 437 268 479 attrectare
282 426 363 485 nefas,
380 428 463 475 donec
476 441 516 474 me
530 426 635 473 flumine
647 427 703 474 vivo

57 524 110 570 720
131 509 261 568 abluero.³

129 608 196 655 haec
208 606 276 654 fatus
290 607 357 655 latos
370 620 472 654 umeros
485 604 653 666 subiectaque
666 605 735 652 colia

130 703 199 744 veste
212 710 290 759 super
303 695 417 756 fulvique
431 695 559 742 insternor
571 694 638 756 pelle
652 692 733 742 leonis

130 784 295 846 succedoque
308 784 397 840 oneri3
419 783 525 831 dextrae
538 797 565 830 se
579 797 670 844 perros
683 783 755 830 Iulus

130 872 253 934 inplicuit
264 874 431 934 sequiturque
445 880 543 933 petrem
557 885 609 918 nou
627 871 744 932 passibus
762 871 860 933 aequis,

58 965 109 1010 725
130 976 200 1024 pone
213 961 282 1008 subit
296 961 419 1009 coniunx.
454 960 559 1008 ferimur
572 974 617 1022 per
631 974 713 1020 opaca
727 960 860 1017 iocorum3

130 1057 218 1107 etrite,
235 1064 313 1112 quem
326 1050 424 1097 dudum
438 1063 490 1097 non
504 1049 558 1096 ulla
571 1048 666 1096 iniecta
678 1047 816 1096 movebant

130 1139 183 1187 telo
197 1153 281 1200 neque
294 1139 401 1186 adverso
414 1137 551 1199 glomerati
565 1152 596 1185 ex
610 1137 712 1198 agmine
725 1135 796 1194 Grai,

129 1231 303 1275 nunc'omnes
317 1234 413 1274 terrent
426 1241 512 1283 ascrae,
528 1240 605 1273 sonus
619 1225 714 1273 excitet
727 1226 810 1273 omnis

130 1330 285 1378 suspensum
298 1322 322 1363 et
334 1315 429 1378 pariter
442 1315 711 1377 comitiqueonerique
719 1315 860 1362 timentem.

57 1409 110 1455 730
166 1405 275 1467 Iamque
287 1403 495 1467 propinquabam
507 1404 587 1466 portis
596 1403 862 1466 omnemquevideber

131 1494 243 1543 evasisse
256 1494 332 1552 viam,
348 1493 433 1541 subito
448 1508 506 1541 cum
519 1492 607 1541 creber
620 1493 652 1540 ad
666 1508 739 1541 eures

130 1583 200 1630 visus
208 1583 297 1630 adesse
305 1582 400 1644 pedum
408 1583 516 1639 sonitus,
532 1581 862 1645 genitorqueperumbram

131 1671 291 1735 prospiciens
308 1660 387 1718 ‘nate'
406 1671 548 1729 exclamat,
567 1660 639 1732 ‘fuge
658 1680 732 1730 nate3
757 1672 863 1733 propin·

435 1767 524 1821 quent

132 1849 246 1897 ardentis
261 1848 357 1910 clipeos
372 1856 448 1910 etque
462 1863 521 1896 aera
535 1849 658 1897 micantia
671 1841 767 1897 cerno'

57 1943 110 1988 735
131 1938 174 1986 hic
187 1937 251 1984 mihi
265 1936 352 1985 nescio
366 1937 435 1998 quod
450 1937 550 1999 trepido
564 1939 631 1986 mele
644 1953 739 1986 numen
751 1938 863 1986 amicum

131 2025 267 2074 confusam
280 2025 374 2088 eripuit
387 2035 506 2073 mentem.
535 2040 646 2089 namque
660 2027 717 2074 avie
730 2042 806 2075 cursu

132 2115 194 2162 dum
207 2129 302 2176 sequor
315 2120 339 2161 et
352 2121 414 2161 nota
428 2115 525 2163 excedo
538 2117 644 2177 regione
657 2116 764 2174 viarum,

131 2202 183 2252 heu
197 2203 291 2251 misero
305 2203 419 2250 coniunx
432 2203 519 2252 fotone
533 2213 620 2266 erepta
634 2203 732 2253 Creusa

131 2292 245 2340 substitit
259 2292 384 2339 erravitne
398 2292 439 2339 via
452 2307 496 2340 seu
511 2294 578 2340 lassa
591 2294 686 2342 resedit

59 2386 112 2432 740
133 2381 268 2429 incertum.
297 2395 344 2428 nec
357 2388 415 2443 post
429 2381 509 2429 oculis
523 2390 560 2430 est
574 2382 674 2430 reddita
687 2385 780 2432 nostris

133 2484 181 2517 nec
194 2469 265 2532 prius
280 2469 400 2517 omissam
414 2471 514 2532 respexi
528 2471 673 2520 animumve
687 2473 773 2520 reflexi

133 2573 212 2620 quam
226 2560 353 2607 tumulum
367 2558 489 2620 antiquae
504 2557 603 2608 Cereris
621 2561 761 2625 sedemque
778 2578 864 2612 secra·

437 2655 490 2694 tarn
