1816 2956
324 443 475 498 ECLOGA
493 445 544 496 IX.

278 602 419 642 LYOIDAS·
467 602 589 640 MOERIS.

107 794 133 826 n.
155 777 214 841 Quo
227 785 268 838 te,
282 778 379 837 Moeri,
395 778 491 840 pedes?
525 792 573 836 an,
589 793 640 841 quo
653 778 695 825 vis
707 777 793 836 ducit,
808 777 836 824 in

400 867 507 916 urbem?

107 972 137 1003 u.
159 954 303 1018 OLycidu,
318 956 367 1004 vivi
382 956 552 1018 pervenimus,
569 956 668 1004 advene
680 956 761 1004 nostri

109 1043 192 1107 (quod
206 1058 348 1106 numquam
360 1044 432 1092 veriti
445 1043 546 1108 sumus)
564 1050 592 1091 ut
607 1058 740 1106 possessor
759 1045 836 1105 agelli

109 1133 206 1180 diceret
214 1121 291 1181 ‘haec
303 1147 361 1181 moa
375 1143 450 1192 sunt3
470 1140 566 1202 veteres
580 1133 688 1194 migrate
701 1124 807 1181 coloni.'

73 1227 87 1269 5
109 1235 180 1269 nunc
192 1221 261 1280 victi,
277 1221 370 1280 tristes,
386 1222 510 1285 quoniam
522 1221 586 1269 Fors
599 1222 687 1270 omnia
699 1228 790 1280 versat,

109 1310 157 1359 hos
170 1310 209 1358 illi
223 1309 305 1373 (quod
319 1325 366 1359 nee
380 1317 460 1359 vertat
472 1310 548 1374 bene)
562 1309 686 1358 mittimus
699 1310 805 1358 haedos.

110 1414 134 1446 ι..
157 1397 232 1448 Certe
257 1399 377 1462 equidem
396 1399 543 1458 audieram,
570 1414 622 1462 qus
644 1413 672 1448 se
695 1398 837 1447 subducere

411 1488 491 1536 colles

109 1577 238 1639 incipiunt
249 1577 375 1638 mollique
386 1576 477 1637 iugum
490 1575 621 1624 demittere
635 1575 710 1634 clivo,

108 1680 191 1729 usque
204 1666 236 1714 ad
250 1679 345 1728 aquam
358 1672 384 1712 et
395 1672 505 1723 veteres,
526 1665 578 1713 iam
595 1664 678 1713 fracta
691 1664 834 1722 eacumina,

411 1753 484 1814 sagos

56 1849 89 1892 10
110 1843 198 1891 omnia
211 1842 367 1890 carminibus
380 1848 490 1891 vestrum
503 1857 616 1890 servasse
628 1842 775 1890 Menalcan.

108 1947 137 1980 n.
159 1931 305 1981 Audieras?
318 1937 343 1979 et
355 1930 425 1978 sama
437 1930 502 1989 fu'it3
516 1931 560 1979 sed
574 1931 690 1979 earmina
702 1936 802 1977 tantum

110 2027 198 2068 nostra
209 2020 304 2078 valent,
318 2019 426 2081 Lycida,
445 2020 498 2067 tela
510 2019 576 2066 inter
588 2019 681 2067 Martia
694 2026 819 2082 quantum

74 2115 77 2121 '
110 2109 242 2157 Chaonias
255 2109 345 2158 dieunt
357 2107 445 2170 aquila
457 2108 573 2156 veniente
587 2107 728 2156 columbas.

110 2199 179 2260 qnod
193 2198 242 2245 nisi
255 2212 297 2245 me
310 2211 473 2259 quacumque
487 2211 565 2245 novas
578 2197 691 2245 incidere
704 2197 761 2245 lites

56 2293 88 2336 15
110 2294 169 2335 ante
181 2286 285 2334 sinistra
299 2301 361 2335 cava
373 2287 516 2334 monuisset
528 2285 560 2333 ab
574 2286 633 2334 ilice
647 2286 745 2343 cornix,

109 2390 157 2424 nec
170 2382 229 2423 tuus
241 2375 284 2424 hic
297 2375 392 2424 Moeris
404 2390 452 2423 nec
466 2376 561 2423 viveret
572 2375 627 2436 ipse
639 2374 780 2423 Menalcas.

108 2479 134 2511 n.
156 2463 227 2522 Heu,
248 2464 317 2512 cudit
333 2465 359 2512 in'
374 2478 530 2527 quemquam
543 2470 643 2511 tanturn
655 2461 756 2512 scelus?
775 2461 841 2520 lien,

406 2561 449 2604 tua
463 2555 552 2606 nobis·

86 2648 173 2692 1²¹²ssssss
182 2635 263 2685 simul
274 2646 360 2691 tecum
374 2647 479 2699 solatia
493 2659 586 2717 rapta,
601 2648 757 2703 Menaleal

63 2711 179 2761 Vergilius,
685 2739 706 2788 3
