1816 2956
108 183 172 232 384
350 193 376 232 1⁹.
394 193 516 231 vnacrm
534 191 665 232 unacum

128 356 160 399 65
181 351 317 412 ignescunt
329 349 391 408 irae,
408 350 485 397 durus
500 350 574 397 dulor
587 350 687 398 ossibus
702 351 784 398 ardet.

182 455 233 501 qua
244 445 351 500 temptet
363 438 463 486 ratione
476 438 559 486 aditus
573 447 599 487 et
611 454 678 501 quae
690 438 731 486 ria
744 438 849 496 clausos

181 527 294 576 excutiat
306 526 420 575 Teucros
432 527 502 574 vallo
515 535 592 589 atque
606 527 721 576 effundat
733 527 761 574 in
775 527 887 576 aecum?

180 616 299 674 classem,
315 630 381 678 quae
395 615 469 664 lateri
483 622 625 664 castrorum
639 616 763 664 adiuncta
776 617 886 676 latebat,

180 704 318 767 aggeribus
331 711 447 765 saeptam
461 704 558 752 circum
571 713 596 753 et
608 705 754 752 fluvialibus
768 707 857 765 undis,

125 797 161 843 70
179 794 278 842 invadit
290 793 427 854 sociosque
439 793 561 841 incendia
574 793 658 855 poscit
670 800 776 842 ovantes

180 891 257 945 utque
270 897 376 929 manum
388 881 451 943 pinu
464 882 583 942 flagranti
598 881 709 930 fervidus
723 882 818 945 inplet.

180 978 234 1019 tum
247 985 306 1019 vero
320 969 473 1018 incumbunt
486 971 590 1032 (urguet
603 971 749 1033 praeseutia
761 971 860 1036 Turni)

180 1067 257 1122 atque
270 1059 354 1107 omnis
367 1058 466 1107 facibus
480 1058 559 1121 pubes
574 1060 717 1120 accingitur
730 1060 804 1108 atris.

180 1148 308 1210 diripuere
320 1147 402 1206 socos,
418 1147 520 1210 piceum
533 1147 582 1195 fert
594 1147 692 1195 fumida
705 1149 795 1196 lumen

124 1239 159 1286 75
180 1238 256 1285 taeda
269 1244 294 1285 et
307 1236 473 1285 commixtam
486 1236 618 1284 Volcanus
632 1236 664 1283 ad
678 1243 748 1285 astra
760 1235 890 1286 favillam.

216 1324 280 1385 Quis
294 1326 366 1383 deus,
382 1339 508 1382 omusae,
523 1331 576 1371 tam
588 1339 663 1372 saeva
673 1325 798 1374 incendia
805 1326 908 1375 Teucri

180 1414 287 1462 avertit?
306 1421 391 1462 tantos
404 1413 501 1460 ratibus
515 1413 572 1475 quis
586 1413 686 1475 depulit
698 1413 786 1474 iguis?

180 1502 265 1550 dicite.
293 1503 377 1565 prisea
390 1503 453 1550 fides
467 1502 544 1560 lact0‚
560 1502 604 1549 sed
618 1501 687 1550 fama
700 1503 833 1563 perennis.

179 1598 294 1653 tempore
308 1606 359 1653 quo
373 1591 484 1653 primum
497 1590 610 1652 Phrygia
623 1589 753 1638 formabat
764 1591 794 1638 in
807 1592 859 1640 Ida

122 1684 159 1727 ‘80
178 1680 281 1727 Aeneas
295 1680 403 1727 classem
417 1686 441 1726 et
454 1679 539 1741 pelagi
553 1687 639 1741 petere
652 1680 705 1727 alta
718 1679 841 1742 parabat,

178 1769 235 1831 ipsa
248 1769 324 1816 deum
337 1768 417 1816 fertur
429 1768 547 1828 genetrix
559 1768 712 1829 Berecyntia
724 1782 856 1829 maguum

178 1857 283 1905 vocibus
297 1856 336 1904 his
350 1856 437 1905 adfata
450 1856 544 1904 lovem.
570 1847 622 1915 ‘da
638 1862 707 1913 nate,
722 1859 824 1918 petenti

179 1946 247 2008 quod
262 1952 306 1992 tua
319 1960 378 1993 cara
391 1960 483 2008 parens
498 1945 594 1992 domito
609 1952 633 1993 te
646 1945 729 2006 poscit
743 1943 873 2010 Olympo.

177 2034 255 2098 pinea
268 2033 331 2081 silva
345 2034 417 2091 mihi,
432 2035 527 2081 multos
542 2034 636 2081 dilecta
649 2047 694 2094 per
707 2047 810 2094 ann0s3

122 2129 157 2172 85
178 2125 250 2171 lucus
264 2122 290 2169 in
304 2137 363 2170 arce
375 2122 424 2169 fuit
436 2138 544 2181 summa,
561 2137 612 2184 quo
626 2137 699 2170 sacra
711 2120 841 2184 ferebant,

177 2211 289 2273 nigranti
303 2211 377 2273 picea
390 2210 556 2273 trabibusque
570 2210 693 2258 obscurus
707 2213 828 2261 acernis:

177 2301 224 2347 has
238 2313 286 2362 ego
299 2299 435 2348 Dardanio
448 2300 542 2357 iuveni,
559 2315 616 2347 cum
630 2298 719 2346 classis
733 2310 833 2361 egeret,

178 2389 245 2437 laeta
259 2389 333 2447 dedi;
353 2403 422 2436 nunc
435 2388 574 2437 sollicitam
588 2389 664 2434 timor
677 2387 769 2434 anxius
784 2391 872 2452 angit.

170 2479 245 2529 solve
258 2483 341 2529 metus
355 2483 433 2542 atque
445 2476 496 2525 boc
514 2477 631 2540 precibus
650 2476 704 2523 sine
722 2490 801 2538 posse
819 2495 903 2543 paren

489 2576 554 2624 tem,

88 2664 132 2714 90
151 2680 212 2719 neu
229 2684 318 2720 cursu
331 2671 488 2736 quassatae
498 2659 560 2708 utto
571 2669 628 2703 neu
637 2648 824 2696 turbinatam&
