1816 2956
288 174 457 214 anonereou
475 175 560 213 urrann
575 175 616 212 111.
811 164 847 211 89

55 339 102 381 145
123 333 314 395 speluncaeque
327 338 416 391 tegant
428 339 454 378 et
466 346 544 378 saxea
558 331 682 393 procubet
695 331 793 378 umbra.

124 429 163 470 est
175 421 248 469 lucos
262 419 338 468 Silari
353 420 422 468 circa
434 419 587 482 ilicibusque
601 420 722 468 virentem

123 510 249 572 plurimus
263 509 410 556 Alburnum
423 509 542 567 volitans,
558 509 597 557 cui
612 523 707 556 nomeu
720 508 785 555 usilo

123 598 270 647 Romanum
284 607 330 658 est,
346 605 458 647 oestrum
472 598 533 646 Grai
547 606 643 646 vertere
659 604 789 654 vocantes,

124 700 207 749 asper,
223 687 315 735 acerba
327 702 431 746 sonans,
447 702 498 750 quo
512 694 565 734 totu
578 687 700 734 exterrita
711 686 781 734 silvis

55 781 103 823 150
127 775 267 837 diffugiunt
279 783 404 835 armenta,
420 776 481 824 furit
493 776 632 836 mugitibus
646 775 733 823 aether

124 878 264 912 concussus
277 865 407 926 silvaeque
420 871 445 912 et
458 865 518 912 sicci
533 864 589 926 ripe
601 864 724 925 Tanagri.

123 953 174 1001 hoo
188 954 319 1015 quondam
332 959 445 1000 monstro
460 952 590 1000 horribilis
604 953 718 1000 exercuit
731 953 781 999 iras

123 1042 245 1090 Inachiae
258 1043 323 1090 Iuno
337 1049 435 1104 pestem
447 1043 571 1089 mcdituta
584 1042 714 1089 iuvencae.

123 1131 304 1193 huncquoque
318 1130 391 1194 (nam
403 1131 495 1179 mediis
508 1129 649 1179 fervoribus
664 1129 747 1177 acrior
760 1130 850 1192 instat)

53 1225 102 1268 155
124 1219 223 1268 arcebis
234 1220 343 1284 gravido
357 1220 453 1282 pecori,
470 1226 637 1281 armentaque
650 1234 739 1280 pasces

123 1309 179 1356 sole
191 1323 280 1356 recens
294 1314 351 1356 orto
365 1316 409 1356 aut
422 1316 524 1357 noctem
538 1307 690 1356 ducentibus
705 1308 787 1356 astris.

159 1397 222 1444 Post
234 1404 336 1460 partum
349 1412 411 1446 cura
423 1398 449 1444 iu
464 1398 556 1445 vitulos
570 1397 712 1444 traducitur
725 1397 817 1455 omnis,

124 1486 300 1548 continuoque
313 1493 387 1534 notas
401 1494 426 1534 et
439 1487 546 1534 nomina
558 1486 641 1548 gentis
655 1486 761 1532 inurunt

124 1581 149 1622 et
162 1589 227 1637 quos
240 1581 284 1622 aut
297 1575 383 1637 pecori
397 1575 489 1623 malint
501 1575 649 1623 submittere
662 1573 782 1622 babendo

54 1668 105 1711 160
125 1670 171 1711 aut
183 1663 232 1711 aris
246 1678 347 1711 servare
359 1678 446 1711 sacros
461 1671 503 1711 ant
517 1665 633 1712 scindere
646 1670 739 1711 terram

124 1759 149 1800 et
162 1767 281 1814 eampum
294 1753 441 1800 horrentem
455 1752 541 1800 tractis
555 1753 679 1800 invertere
692 1752 801 1813 glaebis.

125 1848 210 1889 cetera
222 1849 363 1903 pascuntur
375 1841 462 1888 viridis
476 1849 592 1889 armentu
605 1856 650 1903 per
663 1841 764 1888 herbas.

124 1936 151 1976 tu
159 1945 224 1992 quos
232 1930 264 1977 ad
276 1929 390 1977 studium
402 1936 479 1992 atque
490 1945 565 1978 usum
577 1930 699 1978 formabis
713 1937 848 1991 agrestem,

124 2019 176 2065 iam
189 2018 282 2067 vitulos
296 2019 399 2066 hortare
411 2019 530 2080 viamque
543 2020 632 2067 insiste
645 2020 777 2077 domandi,

55 2113 103 2156 165
124 2107 187 2154 dnm
199 2107 288 2155 faciles
301 2108 380 2155 animi
394 2108 523 2165 iuvenum,
540 2109 601 2156 dum
614 2108 717 2156 mobilis
734 2116 812 2157 aetas.

125 2212 155 2244 ac
168 2197 279 2258 primum
293 2196 367 2244 laxos
380 2196 451 2243 tenui
465 2197 496 2244 dc
508 2197 603 2245 vimine
616 2197 708 2246 circlos

125 2285 216 2333 cervici
230 2284 368 2344 subnecte3
389 2285 492 2345 dehinc,
507 2285 551 2333 ubi
565 2285 647 2334 libera
660 2287 729 2335 colla

124 2374 229 2421 servitio'
241 2374 381 2432 adsuerint,
397 2375 459 2436 ipsis
473 2390 486 2422 e
499 2375 633 2436 torquibus
648 2383 721 2438 aptos

124 2463 203 2524 iunge
216 2477 290 2524 pares
304 2470 329 2510 et
342 2478 405 2523 cogo
418 2464 527 2525 gradum
541 2464 659 2513 conferre
670 2465 814 2521 iuuencos„

55 2559 103 2600 171)
121 2559 199 2610 atque
210 2552 264 2597 illis
275 2552 326 2599 iam
340 2568 420 2618 saepe
434 2563 510 2608 rotae
524 2558 661 2608 ducantur
671 2556 774 2606 inanes

103 2649 154 2693 W
165 2643 261 2685 semim
275 2646 301 2688 et
312 2657 424 2697 summo
437 2652 562 2718 vestigia
576 2653 697 2719 puluere
711 2646 851 2708 signffi's
