1816 2956
274 196 421 235 AENEIDOS
442 197 529 235 LIBER
547 197 589 235 IX·
769 189 784 234 4
792 189 806 235 0
814 189 828 236 5

52 359 83 400 10
104 361 265 416 comportare
279 353 348 400 iuvat
361 354 469 414 praedas
484 362 508 401 et
521 353 603 402 vivere
617 361 700 415 rapto.

102 441 173 488 vobis
187 443 256 504 picta
269 456 345 489 croco
360 450 385 490 et
397 442 506 502 fulgenti
520 443 618 493 murice
631 443 716 500 vestis,

104 528 217 579 desidiae
231 531 312 589 cordi,
328 531 398 579 iuvat
410 531 545 592 indulgere
560 530 669 589 choreis,

103 626 128 666 ct
140 620 243 666 tunicae
256 620 372 668 manicas
386 628 411 667 et
423 619 520 666 habent
533 619 685 667 redimicula
698 619 796 667 mitrae.

103 722 188 755 ovcre
201 708 338 770 Phrygiae,
354 723 438 770 neque
451 708 520 756 enim
533 706 655 768 Phryges,
671 708 705 755 ite
719 723 764 770 per
778 709 832 756 alta

52 800 81 842 15
102 795 241 857 Dindyma,
257 796 301 842 ubi
315 797 428 844 adsuetis
441 797 550 845 biforem
563 796 608 843 dat
621 794 684 842 tibia
697 803 810 842 cantum.

103 890 225 945 tympana
238 899 282 930 vos
296 885 431 946 buxusque
443 893 519 933 vocat
530 883 683 945 Berecyntia
695 883 785 930 Matris

102 971 211 1019 Idaeae:
233 972 309 1020 sinite
322 987 395 1020 arma
408 974 467 1020 viris
482 982 506 1021 et
519 974 602 1021 cedite
616 964 701 1019 ferro?

138 1059 215 1107 Talia
227 1059 366 1108 iactantem
379 1061 453 1109 dictis
467 1077 497 1110 ac
511 1062 567 1109 dira
580 1068 715 1109 canentem

102 1161 155 1194 non
169 1148 227 1194 tulit
239 1148 376 1206 Ascanius,
391 1164 520 1211 nervoque
534 1149 655 1197 obversus
669 1149 765 1211 equino

52 1239 82 1281 20
103 1236 236 1284 contendit
247 1237 327 1285 telum
341 1238 492 1301 diversaque
505 1238 627 1286 bracchia
640 1238 736 1285 ducens

103 1325 224 1383 constitit,
240 1333 300 1373 ante
312 1325 399 1374 Iovem
412 1327 522 1389 supplex
535 1341 580 1389 per
593 1335 652 1373 vota
665 1333 792 1388 precatus.

99 1403 225 1476 ‘Iuppiter
238 1414 410 1476 omnipotens,
426 1415 567 1464 audacibus
580 1416 664 1462 adnue
679 1414 785 1476 coaptis.

102 1502 157 1564 ipse
170 1503 216 1550 tibi
229 1503 261 1550 ad
276 1510 320 1550 tua
333 1504 430 1566 templa
442 1504 522 1552 feram
536 1503 673 1550 sollemnia
686 1503 755 1550 dona

102 1600 127 1639 et
139 1599 249 1639 statuam
264 1599 322 1640 ante
336 1607 393 1640 aras
407 1599 497 1639 aurata
509 1591 594 1639 fronte
607 1591 751 1648 iuvencum,

49 1684 81 1725 ‘25
102 1681 255 1728 candentem
268 1681 415 1743 pariterque
428 1686 506 1742 caput
518 1695 576 1727 cum
589 1687 670 1727 matre
684 1679 815 1738 ferentem,

101 1768 152 1814 iarn
170 1783 251 1815 cornu
269 1776 339 1831 petat
352 1776 377 1817 et
390 1769 496 1831 pedibus
511 1768 555 1830 qui
568 1775 674 1829 spargat
686 1759 830 1816 harennm.’

102 1856 184 1903 audiit
197 1864 221 1903 et
233 1857 297 1903 caeli
311 1857 414 1918 genitor
427 1857 458 1904 de
471 1864 543 1918 parte
556 1871 648 1904 serena

101 1944 213 1990 intonuit
227 1945 335 2001 laevom,
351 1952 426 1991 sonat
440 1959 491 1991 una
503 1944 589 1992 fatifer
601 1959 685 1993 arcus.

101 2032 191 2092 effugit
204 2031 362 2079 horrendum
375 2032 484 2080 stridens
499 2033 564 2080 addo
574 2040 611 2080 tta
623 2034 717 2094 sagitta

49 2126 81 2167 30
100 2135 198 2182 perque
212 2128 290 2182 capnt
302 2120 402 2168 Remuli
416 2122 486 2169 venit
501 2129 526 2170 et
539 2137 602 2170 cava
615 2130 731 2183 tempora
744 2121 811 2169 ferro

101 2209 194 2256 traicit.
219 2198 248 2265 ‘i‚
264 2209 346 2256 verbis
359 2209 476 2258 virtutem
490 2210 581 2260 inlude
591 2210 722 2273 superbis!

100 2297 138 2344 bis
153 2297 220 2359 capti
229 2297 342 2359 Phryges
356 2297 528 2346 haecRutulis
541 2291 833 2365 responsaremittunt.⁸

100 2386 150 2432 hoc
163 2393 262 2432 tanturn
275 2386 419 2434 Ascanius:
441 2387 534 2435 Teucri
549 2388 662 2436 clamore
675 2395 796 2435 secuntur

101 2474 251 2536 laetitiaque
265 2475 376 2522 fremunt
389 2477 542 2538 animosque
555 2476 587 2522 ad
601 2477 686 2523 sidera
701 2476 813 2522 tollunt„

49 2567 79 2609 35
100 2562 213 2610 aetheria
228 2570 280 2610 tum
294 2564 359 2612 sorte
371 2564 454 2628 plaga
467 2566 581 2616 crinitus
595 2564 701 2626 Apollo

88 2649 200 2711 desuper
211 2653 349 2704 Ausonias
364 2656 438 2708 acics
454 2658 616 2718 urbemque
629 2648 761 2697 cidenas,
