1816 2956
241 199 410 240 cnoncrcou
427 200 514 240 ursas
530 201 573 240 111.
744 191 803 240 103

76 371 139 406 mox
152 364 207 406 erat
219 357 269 406 boc
281 357 367 420 ipsum
380 357 468 416 exitio,
484 357 607 420 furiisque
620 357 708 406 refecti

76 447 203 496 ardebant
215 446 316 508 ipsique
330 461 389 494 suos
403 447 455 494 iam
468 453 550 494 morte
565 447 613 495 sub
627 462 706 509 aegra

76 534 115 598 (di
129 535 238 584 meliora
250 535 298 598 piis
312 549 476 612 optaremque
490 535 606 583 hostibus
620 536 696 584 illum
704 536 725 599 1)

53 688 55 692 ι
77 624 196 672 discissos
210 624 285 671 nudis
299 624 433 672 laniabant
445 623 564 672 dentibus
577 632 655 672 artus.

29 717 55 760 lb
74 727 134 762 ecce
148 720 233 761 sutem
247 713 310 760 duro
324 713 425 760 fumans
438 713 485 760 sub
498 727 600 761 vomere
612 721 701 761 taurus

76 802 190 850 concidit
202 809 227 851 et
239 802 348 849 mixtum
362 803 458 865 spumis
472 801 552 849 vomit
565 816 608 851 ore
623 817 740 851 cruorem

75 898 255 954 extremosque
269 891 318 939 ciet
330 892 449 953 gemitus.
475 892 495 937 it
508 890 586 937 tristis
602 898 695 951 arator,

75 986 232 1028 maerentem
246 979 388 1042 abiungens
402 980 515 1028 fraterna
527 987 608 1026 morte
621 979 767 1038 iuvencum,

76 1075 154 1130 atque
167 1083 244 1131 opere
256 1069 283 1116 in
297 1069 382 1117 medio
396 1068 481 1116 defixa
493 1067 617 1129 relinquit
630 1074 724 1116 aratra.

29 1160 56 1204 lo
75 1170 128 1204 non
141 1156 247 1206 umbrae
266 1158 376 1205 altorum
394 1171 544 1214 nemorum,
567 1170 619 1204 non
638 1157 729 1205 mollis
746 1170 805 1219 pos-

377 1254 436 1293 sunt

76 1341 149 1396 prata
162 1348 264 1383 morere
277 1336 401 1394 animum,
417 1348 470 1382 non
484 1334 528 1396 qui
541 1348 587 1396 pcr
599 1348 664 1383 saxa
676 1335 777 1382 volutus
810 1365 812 1369 ψ

77 1423 165 1484 purior
178 1422 272 1471 electro
285 1439 405 1486 campum
419 1423 482 1485 petit
495 1423 593 1481 amnis3
614 1423 705 1470 etima

76 1511 208 1559 solventur
231 1512 313 1560 latera
338 1519 415 1574 atquc
440 1512 529 1560 oculos
549 1519 639 1574 stupor
656 1519 749 1573 urguet
767 1511 804 1558 in-

378 1607 443 1648 ertes

77 1687 109 1735 ad
123 1693 269 1751 terramque
282 1689 338 1736 fluit
351 1689 448 1737 devexo
461 1689 576 1752 pondere
590 1689 682 1736 cervix.

29 1781 56 1824 25
78 1775 139 1837 quid
147 1776 221 1824 labor
228 1777 524 1826 autbenefactaiuvsnt?
537 1777 598 1838 quid
612 1791 713 1825 vomere
724 1783 804 1824 terras

76 1865 208 1913 invertisse
220 1866 328 1927 graves?
348 1854 418 1928 atqui
433 1880 485 1912 non
498 1865 610 1913 Massica
622 1865 718 1914 Bacchi

76 1968 192 2012 munera,
207 1969 260 2002 nou
273 1954 325 2002 illis
339 1955 431 2017 epulae
443 1968 555 2001 nocuere
568 1961 701 2016 repostae:

77 2041 210 2090 frondibus
224 2051 249 2091 et
261 2043 329 2092 victu
342 2051 483 2105 pascuntur
496 2042 619 2104 simplicis
632 2042 736 2099 herbae,

76 2132 172 2193 pocula
184 2137 244 2179 sunt
256 2131 340 2180 fontes
353 2132 446 2195 liquidi
460 2138 537 2195 atque
551 2131 664 2179 exercita
676 2144 751 2178 cursu

29 2224 57 2267 30
76 2219 195 2279 flumina,
211 2235 258 2269 nec
271 2235 375 2268 somnos
390 2220 519 2283 abrumpit
531 2235 593 2268 cura
606 2219 729 2268 salubres.

76 2316 191 2370 tempore
204 2324 256 2358 nou
270 2311 322 2357 alio
336 2311 425 2357 dicunt
437 2309 586 2371 regionibus
600 2308 653 2356 illis

76 2397 205 2458 quaesitas
219 2399 250 2446 ad
264 2414 338 2446 sacra
351 2398 428 2446 boves
440 2399 547 2446 Iunonis
562 2405 587 2446 et
599 2397 651 2445 uris

76 2485 208 2548 inparibus
222 2487 313 2535 ductos
327 2487 381 2535 alta
393 2487 425 2535 ad
440 2487 549 2535 donaria
562 2501 658 2534 currus.

77 2588 138 2635 ergo
153 2589 228 2636 aegre
241 2575 329 2623 rastris
342 2583 436 2623 terram
449 2577 575 2623 rimantur
588 2581 613 2621 et
625 2574 687 2636 ipsis

29 2668 55 2711 35
76 2663 206 2725 unguibus
219 2663 350 2712 infodiunt
363 2664 448 2728 fruges
461 2671 617 2726 montesque
628 2675 674 2725 per
688 2660 761 2708 altos
