1816 2956
310 114 335 153 P.
354 114 474 153 VERGILI
494 113 624 154 menonis

344 381 497 436 ECLOGA
512 382 589 436 VIII.

265 539 384 578 DAMON.
430 539 667 579 ALPHESIBOEUS.

139 714 275 761 Pastorum
288 728 388 761 musam
400 713 527 761 Damonis
541 719 566 761 et
579 713 763 776 Alphesiboei,

139 803 265 850 inmemor
278 802 415 850 herbarum
428 816 493 864 quos
506 810 544 850 est
556 803 649 850 miratu
660 802 776 852 iuvenco

141 892 270 948 certantis,
286 905 396 953 quorum
408 889 566 952 stupefactae
579 891 693 937 carmine
706 890 809 954 lynces,

140 987 166 1027 et
177 987 275 1026 mutata
287 994 347 1026 suos
360 979 510 1040 requierunt
522 979 629 1026 flumine
642 992 744 1039 cursus,

107 1073 121 1114 5
141 1068 268 1115 Damonis
281 1082 381 1114 musam
394 1068 508 1115 dicemus
522 1075 548 1115 et
560 1067 741 1130 Alphesiboei.

141 1165 168 1204 tu
181 1157 253 1214 mihi,
269 1170 313 1204 seu
327 1157 413 1217 magni
427 1170 532 1218 superas
545 1156 598 1203 iam
610 1170 674 1203 saxa
685 1156 793 1206 'limavi

141 1246 193 1293 sive
204 1245 379 1306 oramlllyrici
391 1245 455 1306 legis
467 1244 595 1306 aequoris,
605 1270 638 1281 -
646 1258 678 1292 en
686 1245 865 1311 eritnmquam

140 1334 185 1381 ille
198 1334 261 1391 dies,
277 1333 340 1380 mihi
354 1348 412 1380 cum
425 1333 502 1381 liceat
514 1338 559 1379 tun
572 1332 656 1380 dicere
669 1331 759 1382 facte?

141 1436 172 1470 en
186 1422 234 1470 erit
246 1429 274 1468 ut
286 1422 363 1470 liceat
374 1427 456 1468 totum
469 1421 532 1468 mihi
546 1420 612 1469 ferre
624 1435 670 1483 per
683 1420 778 1472 orbem

91 1516 121 1557 10
141 1511 196 1558 sola
209 1509 356 1572 Sophocleo
370 1509 542 1557 tuacarminn
555 1510 634 1571 digna
647 1509 800 1561 cothurno?

140 1614 156 1645 n
168 1606 192 1646 te
205 1599 368 1661 principium,
384 1597 429 1645 tibi
443 1598 550 1646 desinet.
579 1597 667 1660 achpe
679 1597 761 1648 iussis

143 1688 257 1734 carmina
282 1693 374 1750 coepta
399 1687 449 1734 tuis
474 1695 551 1748 atque
579 1686 646 1734 hene
670 1687 727 1735 sine
753 1696 868 1754 tempore

440 1775 536 1823 citcum

140 1866 206 1913 inter
219 1865 334 1912 victrices
347 1864 470 1911 hederam
484 1863 528 1911 tibi
543 1878 643 1926 serpere
660 1865 761 1913 laurus.

174 1954 280 2014 Frigida
292 1954 335 2000 vix
348 1953 421 2000 coele
435 1953 517 2000 noctis
531 1954 675 2000 decesserat
687 1952 793 2013 umbra,

91 2048 120 2090 15
142 2057 200 2091 cum
214 2056 255 2089 res
269 2042 294 2088 iu
310 2050 398 2090 tenere
410 2041 496 2103 pecori
509 2041 669 2102 gretisSImus
682 2040 776 2103 herba,

139 2130 289 2178 incumbens
302 2130 374 2178 tereti
388 2130 490 2176 Damon
505 2130 541 2177 sic
555 2130 640 2192 coepit
653 2130 746 2178 oliuae.

171 2208 306 2277 ‘Nascere‚
329 2233 441 2280 praeque
459 2219 526 2265 diem
544 2219 647 2266 vemens
667 2232 731 2279 ege,
754 2219 866 2279 Lucifer,

441 2308 546 2364 almum,

139 2397 256 2458 coniugis
269 2397 377 2458 indigno
391 2394 467 2443 Nisae
481 2395 601 2457 deceptus
618 2409 706 2443 umore

128 2487 192 2535 dum
206 2502 305 2550 queror
319 2495 346 2537 et
358 2487 443 2546 divos,
460 2498 625 2549 quemquem
634 2482 860 2532 neumnensium

53 2576 93 2619 20
107 2578 228 2638 profeci,
248 2587 374 2631 extrema
388 2578 516 2629 moriens
528 2583 622 2623 eumen
642 2567 869 2627 udisquornexs.
