<?xml version="1.0" encoding="UTF-8"?>
<!DOCTYPE html PUBLIC "-//W3C//DTD XHTML 1.0 Transitional//EN"
    "http://www.w3.org/TR/xhtml1/DTD/xhtml1-transitional.dtd">
<html xmlns="http://www.w3.org/1999/xhtml" xml:lang="en" lang="en">
 <head>
  <title>
</title>
<meta http-equiv="Content-Type" content="text/html;charset=utf-8" />
  <meta name='ocr-system' content='tesseract 3.04.00' />
  <meta name='ocr-capabilities' content='ocr_page ocr_carea ocr_par ocr_line ocrx_word'/>
</head>
<body>
  <div class='ocr_page' id='page_1' title='image "./pvergiliusmaro01virggoog_0034.png"; bbox 0 0 1816 2956; ppageno 0'>
   <div class='ocr_carea' id='block_1_1' title="bbox 332 193 527 234">
    <p class='ocr_par' dir='ltr' id='par_1_1' title="bbox 332 193 527 234">
     <span class='ocr_line' id='line_1_1' title="bbox 332 193 527 234; baseline -0.01 0"><span class='ocrx_word' id='word_1_1' title='bbox 332 193 452 234; x_wconf 76' lang='lat' dir='ltr'>ECLOGA</span> <span class='ocrx_word' id='word_1_2' title='bbox 476 194 527 233; x_wconf 82' lang='lat' dir='ltr'>Vll.</span> 
     </span>
    </p>
   </div>
   <div class='ocr_carea' id='block_1_2' title="bbox 315 461 543 516">
    <p class='ocr_par' dir='ltr' id='par_1_2' title="bbox 315 461 543 516">
     <span class='ocr_line' id='line_1_2' title="bbox 315 461 543 516; baseline -0.009 0"><span class='ocrx_word' id='word_1_3' title='bbox 315 461 466 516; x_wconf 86' lang='lat' dir='ltr'><strong>ECLOGA</strong></span> <span class='ocrx_word' id='word_1_4' title='bbox 482 462 543 514; x_wconf 93' lang='lat' dir='ltr'>Vll.</span> 
     </span>
    </p>
   </div>
   <div class='ocr_carea' id='block_1_3' title="bbox 147 619 711 659">
    <p class='ocr_par' dir='ltr' id='par_1_3' title="bbox 147 619 711 659">
     <span class='ocr_line' id='line_1_3' title="bbox 147 619 711 659; baseline -0.004 -1"><span class='ocrx_word' id='word_1_5' title='bbox 147 620 326 658; x_wconf 77' lang='lat' dir='ltr'>Mnnlssonns.</span> <span class='ocrx_word' id='word_1_6' title='bbox 374 620 526 659; x_wconf 79' lang='lat' dir='ltr'>conYnoN.</span> <span class='ocrx_word' id='word_1_7' title='bbox 573 619 711 657; x_wconf 79' lang='lat' dir='ltr'>THYRSIS.</span> 
     </span>
    </p>
   </div>
   <div class='ocr_carea' id='block_1_4' title="bbox 57 793 831 2539">
    <p class='ocr_par' dir='ltr' id='par_1_4' title="bbox 57 793 831 2539">
     <span class='ocr_line' id='line_1_4' title="bbox 102 793 768 856; baseline -0.003 -13"><span class='ocrx_word' id='word_1_8' title='bbox 102 812 131 843; x_wconf 82' lang='lat' dir='ltr'>u.</span> <span class='ocrx_word' id='word_1_9' title='bbox 152 795 228 843; x_wconf 82' lang='lat' dir='ltr'><strong>Forte</strong></span> <span class='ocrx_word' id='word_1_10' title='bbox 241 795 288 842; x_wconf 88' lang='lat' dir='ltr'>sub</span> <span class='ocrx_word' id='word_1_11' title='bbox 302 802 393 856; x_wconf 85' lang='lat' dir='ltr'>argute</span> <span class='ocrx_word' id='word_1_12' title='bbox 406 795 558 842; x_wconf 82' lang='lat' dir='ltr'>consederat</span> <span class='ocrx_word' id='word_1_13' title='bbox 570 795 628 842; x_wconf 86' lang='lat' dir='ltr'>ilice</span> <span class='ocrx_word' id='word_1_14' title='bbox 640 793 768 856; x_wconf 75' lang='lat' dir='ltr'><strong>Daphnis,</strong></span> 
     </span>
     <span class='ocr_line' id='line_1_5' title="bbox 103 881 828 947; baseline -0.006 -15"><span class='ocrx_word' id='word_1_15' title='bbox 103 885 332 947; x_wconf 78' lang='lat' dir='ltr'>compulerantque</span> <span class='ocrx_word' id='word_1_16' title='bbox 357 897 448 945; x_wconf 84' lang='lat' dir='ltr'>greges</span> <span class='ocrx_word' id='word_1_17' title='bbox 475 881 596 944; x_wconf 86' lang='lat' dir='ltr'>Corydon</span> <span class='ocrx_word' id='word_1_18' title='bbox 622 889 646 929; x_wconf 91' lang='lat' dir='ltr'>et</span> <span class='ocrx_word' id='word_1_19' title='bbox 670 882 776 943; x_wconf 84' lang='lat' dir='ltr'>Thyrsis</span> <span class='ocrx_word' id='word_1_20' title='bbox 801 882 828 928; x_wconf 92' lang='lat' dir='ltr'>in</span> 
     </span>
     <span class='ocr_line' id='line_1_6' title="bbox 403 986 492 1027; baseline 0.011 -9"><span class='ocrx_word' id='word_1_21' title='bbox 403 986 492 1027; x_wconf 80' lang='lat' dir='ltr'>unum,</span> 
     </span>
     <span class='ocr_line' id='line_1_7' title="bbox 102 1060 774 1123; baseline 0 -16"><span class='ocrx_word' id='word_1_22' title='bbox 102 1061 209 1122; x_wconf 80' lang='lat' dir='ltr'>Thyrsis</span> <span class='ocrx_word' id='word_1_23' title='bbox 222 1062 284 1120; x_wconf 85' lang='lat' dir='ltr'>ovis,</span> <span class='ocrx_word' id='word_1_24' title='bbox 301 1060 423 1123; x_wconf 84' lang='lat' dir='ltr'>Corydon</span> <span class='ocrx_word' id='word_1_25' title='bbox 437 1062 560 1109; x_wconf 86' lang='lat' dir='ltr'>distentas</span> <span class='ocrx_word' id='word_1_26' title='bbox 573 1060 639 1108; x_wconf 86' lang='lat' dir='ltr'>lacte</span> <span class='ocrx_word' id='word_1_27' title='bbox 652 1061 774 1122; x_wconf 84' lang='lat' dir='ltr'>cupellas,</span> 
     </span>
     <span class='ocr_line' id='line_1_8' title="bbox 103 1149 691 1208; baseline -0.003 -10"><span class='ocrx_word' id='word_1_28' title='bbox 103 1149 180 1198; x_wconf 90' lang='lat' dir='ltr'>ambo</span> <span class='ocrx_word' id='word_1_29' title='bbox 193 1150 313 1198; x_wconf 85' lang='lat' dir='ltr'>florent-cs</span> <span class='ocrx_word' id='word_1_30' title='bbox 325 1150 460 1208; x_wconf 87' lang='lat' dir='ltr'>aetatibus,</span> <span class='ocrx_word' id='word_1_31' title='bbox 478 1149 592 1197; x_wconf 82' lang='lat' dir='ltr'>Arcades</span> <span class='ocrx_word' id='word_1_32' title='bbox 606 1150 691 1208; x_wconf 85' lang='lat' dir='ltr'>ambo,</span> 
     </span>
     <span class='ocr_line' id='line_1_9' title="bbox 68 1238 644 1301; baseline -0.002 -15"><span class='ocrx_word' id='word_1_33' title='bbox 68 1244 82 1286; x_wconf 84' lang='lat'><strong>5</strong></span> <span class='ocrx_word' id='word_1_34' title='bbox 103 1246 129 1286; x_wconf 90' lang='lat' dir='ltr'>et</span> <span class='ocrx_word' id='word_1_35' title='bbox 142 1247 246 1286; x_wconf 78' lang='lat' dir='ltr'>centme</span> <span class='ocrx_word' id='word_1_36' title='bbox 257 1252 333 1301; x_wconf 86' lang='lat' dir='ltr'>pares</span> <span class='ocrx_word' id='word_1_37' title='bbox 346 1246 371 1287; x_wconf 93' lang='lat' dir='ltr'>et</span> <span class='ocrx_word' id='word_1_38' title='bbox 384 1239 539 1300; x_wconf 88' lang='lat' dir='ltr'>respondere</span> <span class='ocrx_word' id='word_1_39' title='bbox 552 1238 644 1300; x_wconf 81' lang='lat' dir='ltr'>parati.</span> 
     </span>
     <span class='ocr_line' id='line_1_10' title="bbox 103 1326 827 1389; baseline 0 -15"><span class='ocrx_word' id='word_1_40' title='bbox 103 1326 153 1374; x_wconf 91' lang='lat' dir='ltr'>huc</span> <span class='ocrx_word' id='word_1_41' title='bbox 170 1327 248 1385; x_wconf 88' lang='lat' dir='ltr'>mihi,</span> <span class='ocrx_word' id='word_1_42' title='bbox 270 1327 331 1374; x_wconf 89' lang='lat' dir='ltr'>dum</span> <span class='ocrx_word' id='word_1_43' title='bbox 349 1334 449 1374; x_wconf 90' lang='lat' dir='ltr'>teneras</span> <span class='ocrx_word' id='word_1_44' title='bbox 463 1327 572 1374; x_wconf 82' lang='lat' dir='ltr'>defendo</span> <span class='ocrx_word' id='word_1_45' title='bbox 587 1343 602 1374; x_wconf 88' lang='lat' dir='ltr'>a</span> <span class='ocrx_word' id='word_1_46' title='bbox 615 1327 709 1388; x_wconf 84' lang='lat' dir='ltr'>frigore</span> <span class='ocrx_word' id='word_1_47' title='bbox 723 1335 827 1389; x_wconf 78' lang='lat' dir='ltr'>myrtos,</span> 
     </span>
     <span class='ocr_line' id='line_1_11' title="bbox 103 1415 830 1477; baseline 0.003 -16"><span class='ocrx_word' id='word_1_48' title='bbox 103 1415 141 1462; x_wconf 90' lang='lat' dir='ltr'>vir</span> <span class='ocrx_word' id='word_1_49' title='bbox 165 1415 250 1476; x_wconf 82' lang='lat' dir='ltr'>gregis</span> <span class='ocrx_word' id='word_1_50' title='bbox 274 1415 330 1477; x_wconf 87' lang='lat' dir='ltr'>ipse</span> <span class='ocrx_word' id='word_1_51' title='bbox 360 1430 436 1477; x_wconf 88' lang='lat' dir='ltr'>caper</span> <span class='ocrx_word' id='word_1_52' title='bbox 466 1416 639 1474; x_wconf 80' lang='lat' dir='ltr'>deerravernt,</span> <span class='ocrx_word' id='word_1_53' title='bbox 674 1423 751 1477; x_wconf 88' lang='lat' dir='ltr'>atque</span> <span class='ocrx_word' id='word_1_54' title='bbox 782 1430 830 1476; x_wconf 87' lang='lat' dir='ltr'>ego</span> 
     </span>
     <span class='ocr_line' id='line_1_12' title="bbox 404 1504 537 1565; baseline 0 -14"><span class='ocrx_word' id='word_1_55' title='bbox 404 1504 537 1565; x_wconf 85' lang='lat' dir='ltr'>Daphnim</span> 
     </span>
     <span class='ocr_line' id='line_1_13' title="bbox 104 1585 790 1654; baseline 0 -15"><span class='ocrx_word' id='word_1_56' title='bbox 104 1592 213 1654; x_wconf 83' lang='lat' dir='ltr'>aspicio.</span> <span class='ocrx_word' id='word_1_57' title='bbox 240 1593 284 1640; x_wconf 93' lang='lat' dir='ltr'>ille</span> <span class='ocrx_word' id='word_1_58' title='bbox 297 1591 340 1639; x_wconf 91' lang='lat' dir='ltr'>ubi</span> <span class='ocrx_word' id='word_1_59' title='bbox 354 1606 395 1640; x_wconf 92' lang='lat' dir='ltr'>me</span> <span class='ocrx_word' id='word_1_60' title='bbox 409 1599 499 1640; x_wconf 82' lang='lat' dir='ltr'>contre</span> <span class='ocrx_word' id='word_1_61' title='bbox 511 1593 588 1650; x_wconf 88' lang='lat' dir='ltr'>videt,</span> <span class='ocrx_word' id='word_1_62' title='bbox 603 1585 692 1640; x_wconf 86' lang='lat' dir='ltr'>‘ocius’</span> <span class='ocrx_word' id='word_1_63' title='bbox 705 1592 790 1654; x_wconf 91' lang='lat' dir='ltr'>inquit</span> 
     </span>
     <span class='ocr_line' id='line_1_14' title="bbox 100 1670 827 1742; baseline 0 -15"><span class='ocrx_word' id='word_1_64' title='bbox 100 1670 163 1727; x_wconf 85' lang='lat' dir='ltr'>‘huc</span> <span class='ocrx_word' id='word_1_65' title='bbox 176 1680 246 1738; x_wconf 82' lang='lat' dir='ltr'>ades,</span> <span class='ocrx_word' id='word_1_66' title='bbox 262 1695 278 1727; x_wconf 91' lang='grc' dir='ltr'>ο</span> <span class='ocrx_word' id='word_1_67' title='bbox 291 1680 433 1728; x_wconf 88' lang='lat' dir='ltr'>Meliboee:</span> <span class='ocrx_word' id='word_1_68' title='bbox 454 1695 530 1742; x_wconf 90' lang='lat' dir='ltr'>caper</span> <span class='ocrx_word' id='word_1_69' title='bbox 543 1681 588 1729; x_wconf 85' lang='lat' dir='ltr'>tihi</span> <span class='ocrx_word' id='word_1_70' title='bbox 603 1682 687 1728; x_wconf 84' lang='lat' dir='ltr'>salvos</span> <span class='ocrx_word' id='word_1_71' title='bbox 701 1688 726 1729; x_wconf 91' lang='lat' dir='ltr'>et</span> <span class='ocrx_word' id='word_1_72' title='bbox 738 1681 827 1728; x_wconf 86' lang='lat' dir='ltr'>haedi:</span> 
     </span>
     <span class='ocr_line' id='line_1_15' title="bbox 57 1769 756 1831; baseline -0.003 -13"><span class='ocrx_word' id='word_1_73' title='bbox 57 1775 84 1818; x_wconf 85' lang='lat' dir='ltr'>lo</span> <span class='ocrx_word' id='word_1_74' title='bbox 105 1776 130 1817; x_wconf 92' lang='lat' dir='ltr'>et</span> <span class='ocrx_word' id='word_1_75' title='bbox 142 1769 225 1830; x_wconf 90' lang='lat' dir='ltr'>siquid</span> <span class='ocrx_word' id='word_1_76' title='bbox 240 1782 340 1816; x_wconf 86' lang='lat' dir='ltr'>cessare</span> <span class='ocrx_word' id='word_1_77' title='bbox 352 1776 434 1830; x_wconf 85' lang='lat' dir='ltr'>potes,</span> <span class='ocrx_word' id='word_1_78' title='bbox 449 1769 581 1831; x_wconf 86' lang='lat' dir='ltr'>requiesce</span> <span class='ocrx_word' id='word_1_79' title='bbox 593 1769 640 1816; x_wconf 90' lang='lat' dir='ltr'>sub</span> <span class='ocrx_word' id='word_1_80' title='bbox 656 1769 756 1818; x_wconf 84' lang='lat' dir='ltr'>umbra.</span> 
     </span>
     <span class='ocr_line' id='line_1_16' title="bbox 105 1857 698 1921; baseline 0.005 -17"><span class='ocrx_word' id='word_1_81' title='bbox 105 1857 154 1905; x_wconf 91' lang='lat' dir='ltr'>hnc</span> <span class='ocrx_word' id='word_1_82' title='bbox 167 1857 216 1920; x_wconf 92' lang='lat' dir='ltr'>ipsi</span> <span class='ocrx_word' id='word_1_83' title='bbox 229 1864 317 1920; x_wconf 88' lang='lat' dir='ltr'>potum</span> <span class='ocrx_word' id='word_1_84' title='bbox 331 1857 433 1904; x_wconf 86' lang='lat' dir='ltr'>venient</span> <span class='ocrx_word' id='word_1_85' title='bbox 445 1871 491 1920; x_wconf 89' lang='lat' dir='ltr'>per</span> <span class='ocrx_word' id='word_1_86' title='bbox 503 1865 577 1921; x_wconf 88' lang='lat' dir='ltr'>prata</span> <span class='ocrx_word' id='word_1_87' title='bbox 589 1858 698 1917; x_wconf 85' lang='lat' dir='ltr'>iuvenci,</span> 
     </span>
     <span class='ocr_line' id='line_1_17' title="bbox 104 1945 727 2010; baseline 0.005 -18"><span class='ocrx_word' id='word_1_88' title='bbox 104 1945 147 1994; x_wconf 91' lang='lat' dir='ltr'>hic</span> <span class='ocrx_word' id='word_1_89' title='bbox 159 1945 246 1992; x_wconf 92' lang='lat' dir='ltr'>viridis</span> <span class='ocrx_word' id='word_1_90' title='bbox 260 1952 350 1993; x_wconf 88' lang='lat' dir='ltr'>tenera</span> <span class='ocrx_word' id='word_1_91' title='bbox 362 1947 490 2007; x_wconf 83' lang='lat' dir='ltr'>praetexit</span> <span class='ocrx_word' id='word_1_92' title='bbox 501 1946 646 1996; x_wconf 81' lang='lat' dir='ltr'>harundine</span> <span class='ocrx_word' id='word_1_93' title='bbox 659 1948 727 2010; x_wconf 80' lang='lat' dir='ltr'>ripas</span> 
     </span>
     <span class='ocr_line' id='line_1_18' title="bbox 103 2031 776 2098; baseline 0.006 -17"><span class='ocrx_word' id='word_1_94' title='bbox 103 2034 214 2082; x_wconf 90' lang='lat' dir='ltr'>Mincius</span> <span class='ocrx_word' id='word_1_95' title='bbox 228 2037 294 2095; x_wconf 85' lang='lat' dir='ltr'>eque</span> <span class='ocrx_word' id='word_1_96' title='bbox 306 2048 380 2081; x_wconf 86' lang='lat' dir='ltr'>secra</span> <span class='ocrx_word' id='word_1_97' title='bbox 393 2042 515 2082; x_wconf 86' lang='lat' dir='ltr'>resonant</span> <span class='ocrx_word' id='word_1_98' title='bbox 528 2037 648 2083; x_wconf 79' lang='lat' dir='ltr'>examina</span> <span class='ocrx_word' id='word_1_99' title='bbox 661 2031 776 2098; x_wconf 89' lang='lat' dir='ltr'>quercu.’</span> 
     </span>
     <span class='ocr_line' id='line_1_19' title="bbox 105 2122 831 2190; baseline 0.008 -21"><span class='ocrx_word' id='word_1_100' title='bbox 105 2123 167 2184; x_wconf 91' lang='lat' dir='ltr'>quid</span> <span class='ocrx_word' id='word_1_101' title='bbox 186 2122 315 2170; x_wconf 84' lang='lat' dir='ltr'>lacerem?</span> <span class='ocrx_word' id='word_1_102' title='bbox 333 2136 417 2185; x_wconf 89' lang='lat' dir='ltr'>neque</span> <span class='ocrx_word' id='word_1_103' title='bbox 436 2137 484 2184; x_wconf 85' lang='lat' dir='ltr'>ego</span> <span class='ocrx_word' id='word_1_104' title='bbox 502 2124 630 2187; x_wconf 86' lang='lat' dir='ltr'>Alcippen</span> <span class='ocrx_word' id='word_1_105' title='bbox 650 2140 698 2174; x_wconf 93' lang='lat' dir='ltr'>nec</span> <span class='ocrx_word' id='word_1_106' title='bbox 710 2126 831 2190; x_wconf 80' lang='lat' dir='ltr'>Phyllide</span> 
     </span>
     <span class='ocr_line' id='line_1_20' title="bbox 406 2211 545 2271; baseline 0.014 -13"><span class='ocrx_word' id='word_1_107' title='bbox 406 2211 545 2271; x_wconf 85' lang='lat' dir='ltr'>habebam,¹</span> 
     </span>
     <span class='ocr_line' id='line_1_21' title="bbox 57 2299 752 2365; baseline 0.003 -17"><span class='ocrx_word' id='word_1_108' title='bbox 57 2305 82 2348; x_wconf 79' lang='lat' dir='ltr'>lo</span> <span class='ocrx_word' id='word_1_109' title='bbox 104 2299 226 2361; x_wconf 85' lang='lat' dir='ltr'>depulsos</span> <span class='ocrx_word' id='word_1_110' title='bbox 239 2315 254 2347; x_wconf 84' lang='lat' dir='ltr'>a</span> <span class='ocrx_word' id='word_1_111' title='bbox 266 2301 333 2348; x_wconf 77' lang='lat' dir='ltr'>lecte</span> <span class='ocrx_word' id='word_1_112' title='bbox 347 2300 416 2348; x_wconf 88' lang='lat' dir='ltr'>domi</span> <span class='ocrx_word' id='word_1_113' title='bbox 431 2315 497 2362; x_wconf 83' lang='lat' dir='ltr'>qnae</span> <span class='ocrx_word' id='word_1_114' title='bbox 506 2303 641 2351; x_wconf 85' lang='lat' dir='ltr'>clauderet</span> <span class='ocrx_word' id='word_1_115' title='bbox 654 2318 752 2365; x_wconf 84' lang='lat' dir='ltr'>egn0s;</span> 
     </span>
     <span class='ocr_line' id='line_1_22' title="bbox 104 2388 828 2452; baseline 0.003 -16"><span class='ocrx_word' id='word_1_116' title='bbox 104 2395 130 2436; x_wconf 87' lang='lat' dir='ltr'>et</span> <span class='ocrx_word' id='word_1_117' title='bbox 142 2395 271 2436; x_wconf 85' lang='lat' dir='ltr'>certamen</span> <span class='ocrx_word' id='word_1_118' title='bbox 285 2396 339 2436; x_wconf 83' lang='lat' dir='ltr'>eret</span> <span class='ocrx_word' id='word_1_119' title='bbox 352 2388 473 2450; x_wconf 85' lang='lat' dir='ltr'>Corydon</span> <span class='ocrx_word' id='word_1_120' title='bbox 487 2405 546 2438; x_wconf 89' lang='lat' dir='ltr'>cum</span> <span class='ocrx_word' id='word_1_121' title='bbox 557 2391 683 2452; x_wconf 84' lang='lat' dir='ltr'>Thyrside</span> <span class='ocrx_word' id='word_1_122' title='bbox 695 2405 828 2452; x_wconf 85' lang='lat' dir='ltr'>magnum.</span> 
     </span>
     <span class='ocr_line' id='line_1_23' title="bbox 104 2475 702 2539; baseline 0.012 -18"><span class='ocrx_word' id='word_1_123' title='bbox 104 2475 242 2539; x_wconf 84' lang='lat' dir='ltr'>posthabui</span> <span class='ocrx_word' id='word_1_124' title='bbox 257 2484 341 2524; x_wconf 87' lang='lat' dir='ltr'>tamen</span> <span class='ocrx_word' id='word_1_125' title='bbox 355 2478 459 2527; x_wconf 88' lang='lat' dir='ltr'>illorum</span> <span class='ocrx_word' id='word_1_126' title='bbox 472 2494 531 2529; x_wconf 84' lang='lat' dir='ltr'>mee</span> <span class='ocrx_word' id='word_1_127' title='bbox 543 2480 702 2530; x_wconf 82' lang='lat' dir='ltr'>serinludo.</span> 
     </span>
    </p>
   </div>
   <div class='ocr_carea' id='block_1_5' title="bbox 80 2563 805 2720">
    <p class='ocr_par' dir='ltr' id='par_1_5' title="bbox 80 2563 805 2720">
     <span class='ocr_line' id='line_1_24' title="bbox 96 2563 707 2624; baseline 0.029 -16"><span class='ocrx_word' id='word_1_128' title='bbox 96 2563 202 2608; x_wconf 76' lang='lat' dir='ltr'>alternis</span> <span class='ocrx_word' id='word_1_129' title='bbox 211 2563 293 2621; x_wconf 74' lang='lat' dir='ltr'>igitur</span> <span class='ocrx_word' id='word_1_130' title='bbox 304 2570 467 2624; x_wconf 83' lang='lat' dir='ltr'>contendere</span> <span class='ocrx_word' id='word_1_131' title='bbox 480 2574 607 2624; x_wconf 89' lang='lat' dir='ltr'>versibus</span> <span class='ocrx_word' id='word_1_132' title='bbox 622 2571 707 2624; x_wconf 66' lang='lat' dir='ltr'>ambe</span> 
     </span>
     <span class='ocr_line' id='line_1_25' title="bbox 80 2650 805 2720; baseline 0.039 -31"><span class='ocrx_word' id='word_1_133' title='bbox 80 2658 195 2704; x_wconf 79' lang='lat' dir='ltr'>coepere,</span> <span class='ocrx_word' id='word_1_134' title='bbox 213 2650 330 2704; x_wconf 77' lang='lat' dir='ltr'>alternos</span> <span class='ocrx_word' id='word_1_135' title='bbox 344 2675 447 2716; x_wconf 88' lang='lat' dir='ltr'>musae</span> <span class='ocrx_word' id='word_1_136' title='bbox 462 2669 635 2720; x_wconf 86' lang='lat' dir='ltr'>meminisse</span> <span class='ocrx_word' id='word_1_137' title='bbox 646 2665 805 2717; x_wconf 64' lang='lat' dir='ltr'>touchant·</span> 
     </span>
    </p>
   </div>
   <div class='ocr_carea' id='block_1_6' title="bbox 0 0 912 2956">
    <p class='ocr_par' dir='ltr' id='par_1_6' title="bbox 0 0 912 2956">
     <span class='ocr_line' id='line_1_26' title="bbox 0 0 912 2956; baseline 0 0"><span class='ocrx_word' id='word_1_138' title='bbox 0 0 912 2956; x_wconf 95' lang='lat' dir='ltr'> </span> 
     </span>
    </p>
   </div>
  </div>
 </body>
</html>
