1816 2956
298 195 446 233 nunninus
464 196 552 234 ulnus
568 196 611 234 xi.
792 189 850 236 467

129 351 190 396 (lunt
203 351 315 397 sonitum
329 351 399 398 rauci
415 365 459 412 per
472 360 565 411 stagna
578 352 699 413 loquacia
712 353 794 414 cycni.

125 428 225 486 ‘immo’
237 440 272 486 ait
286 429 312 487 ‘0
327 431 401 486 cives'
414 446 516 500 arrepto
531 447 645 502 ternpore
658 441 769 500 Turnus,

57 532 109 574 460
128 528 221 589 ‘cogite
235 528 374 575 concilium
387 535 412 575 et
424 541 514 589 pacem
527 527 631 576 laudate
644 529 777 578 sedentes:

127 617 164 663 illi
179 617 256 663 armis
269 617 295 662 in
309 630 389 676 regnu
402 606 498 662 ruent.³
522 630 570 664 nec
583 616 658 678 plura
671 617 772 666 locutus

128 705 252 766 corripuit
264 719 318 752 sese
333 710 358 752 et
369 704 442 751 tectis
456 704 520 752 citus
533 704 627 752 extulit
643 705 710 753 altis.

123 783 171 850 ‘tu,
187 792 293 850 Vquse,
309 792 402 840 armari
415 792 571 841 Volscorum
584 793 656 842 edice
668 793 805 856 maniplis3

127 871 183 927 duc’
196 881 233 927 ait
242 872 278 928 ‘ct
284 881 401 927 Rutulos.
431 881 551 942 equitem,
566 882 709 944 Messapus,
724 881 751 928 in
765 882 852 940 armis,

55 973 106 1015 465
128 976 152 1015 et
166 969 314 1017 cumfratre
328 967 419 1027 Corae,
434 969 493 1016 latis
507 969 643 1017 diffundite
656 969 762 1032 campis.

126 1071 185 1118 pars
199 1057 282 1104 aditus
295 1057 365 1104 urbis
379 1057 461 1104 firmet
473 1058 601 1120 turrisque
615 1065 745 1120 capessat:

127 1151 211 1192 cetera
224 1159 275 1206 qua
288 1145 358 1192 iusso
371 1159 472 1192 mecum
485 1160 575 1192 manus
589 1145 683 1193 inferat
694 1145 787 1194 erma?

126 1233 196 1280 ilicet
208 1232 235 1278 in
248 1248 335 1280 muros
349 1240 403 1281 tota
416 1232 566 1281 discurritur
578 1233 650 1281 urbe.

126 1322 264 1370 concilium
279 1322 334 1383 ipse
347 1327 419 1383 puter
432 1327 457 1369 et
469 1335 565 1382 magna
578 1322 681 1384 incepta
693 1320 802 1369 Latinus

54 1417 105 1459 470
126 1411 219 1459 deserit
232 1425 262 1458 ac
276 1410 340 1457 tristi
354 1409 470 1456 turbatus
483 1417 598 1473 tempore
612 1409 698 1457 differt

125 1500 258 1561 multaque
272 1514 298 1548 se
311 1499 413 1548 incusat
425 1499 469 1561 qui
483 1512 535 1545 non
550 1498 678 1560 acceperit
690 1498 758 1545 ultro

124 1588 286 1635 Dardanium
299 1589 407 1635 Aenean
420 1601 596 1649 generumque
609 1585 746 1634 adsciverit
757 1585 824 1633 urbi.

126 1677 291 1738 praefodiunt
304 1676 348 1723 alii
361 1683 448 1737 portas
462 1683 507 1723 aut
519 1690 583 1723 saxa
596 1674 723 1736 sudesque

126 1765 284 1811 subvectant,
312 1764 381 1810 bello
396 1764 440 1810 dut
452 1764 554 1825 signum
568 1777 647 1810 rauca
660 1768 793 1810 cruentum

55 1857 104 1901 475
125 1852 228 1899 bucina.
257 1858 310 1898 tum
323 1866 410 1899 muros
423 1852 494 1898 varia
507 1852 609 1898 cinxere
623 1863 720 1898 corona

125 1947 258 1987 matronae
271 1940 411 2002 puerique3
431 1946 507 1987 vocat
518 1938 594 1986 labor
606 1938 711 1987 ultimus
724 1937 816 1984 omnis.

125 2042 238 2075 necnon
252 2028 284 2075 ud
298 2028 423 2089 templum
436 2041 599 2089 summasque
613 2027 645 2074 ad
653 2025 768 2074 Palladis
782 2040 853 2074 arces

126 2116 274 2164 subvehitur
287 2129 383 2176 magne
395 2123 506 2163 matrum
518 2115 609 2176 regina
622 2120 733 2173 caterva,

126 2204 195 2251 dona
208 2204 301 2261 ferens,
316 2203 440 2264 iuxtaque
453 2217 538 2251 coines
551 2203 662 2250 Lavinia
673 2202 755 2264 virgo,

55 2298 106 2340 480
126 2307 204 2340 causa
216 2291 278 2339 mali
292 2291 365 2348 tanti,
382 2292 471 2339 oculos
485 2291 584 2340 deiecta
597 2291 713 2339 decoros.

126 2380 267 2428 succedunt
279 2386 372 2427 matres
386 2386 411 2427 et
424 2380 548 2442 templum
561 2386 617 2427 ture
629 2384 756 2441 vaporant

126 2475 151 2514 et
163 2475 273 2516 maestas
287 2467 339 2514 aito
354 2467 466 2515 fundunt
479 2468 510 2515 de
523 2468 612 2515 limine
624 2481 707 2514 voces.

125 2557 299 2618 ‘armipotens
313 2570 417 2618 praeses
432 2555 506 2618 belli,
520 2555 649 2606 Tritonis
659 2553 754 2612 uirgo,

114 2642 206 2701 fmssge
219 2658 298 2692 menn
313 2645 396 2696 tetum
410 2646 530 2714 Phrygii
542 2640 746 2768 1111111ῗῦὲέ
754 2633 861 2690 '‘iffi“
