1816 2956
291 197 439 237 ananroos
454 198 542 237 mnan
558 199 610 237 vu.
788 189 850 237 323

69 362 101 404 90
122 363 146 403 ct
158 356 242 404 varias
256 356 328 402 audit
340 370 415 403 voces
429 356 572 418 fruiturque
585 357 692 404 deornm

122 444 262 507 conloquio
281 452 358 507 atque
376 445 433 492 imis
447 444 597 493 Acheronta
616 445 719 492 adfatur
731 444 851 493 Avernis.

121 534 163 592 hie
177 541 203 582 et
216 541 269 581 tum
282 541 354 595 pater
367 533 422 595 ipse
436 541 524 595 petens
538 549 661 596 responsa
673 533 783 582 Latinus

122 629 226 670 eentum
238 622 368 682 lanigeras
381 622 512 671 mactabat
525 623 572 670 rite
586 622 698 670 bidentis

123 720 199 774 atque
212 711 305 760 harum
318 711 423 758 effultus
436 718 508 772 tergo
522 711 660 773 stratisque
673 712 774 759 iacebat

70 805 101 848 95
123 799 274 849 velleribus:
296 799 381 848 subito
395 813 426 846 ox
440 800 493 846 alto
507 815 557 846 vox
570 800 671 847 reddita
683 801 776 848 lueost.

117 879 161 936 ‘ne
175 896 231 951 pete
245 888 352 936 conubis
365 895 452 935 natam
466 889 566 936 sociare
578 888 687 947 Latinis,

124 993 139 1023 0
153 991 211 1024 mea
223 978 368 1040 progenies,
384 977 506 1024 thalamis
519 991 570 1025 neu
583 979 658 1026 crede
670 977 782 1041 paratis:

124 1065 222 1113 externi
235 1066 341 1113 veniunt
352 1066 449 1126 generi,
470 1066 512 1128 qui
526 1066 653 1127 sanguine
667 1072 783 1113 nostrum

122 1169 217 1201 nomen
228 1154 255 1200 in
267 1162 336 1201 astra
346 1154 430 1202 serant
442 1170 604 1216 quorumque
616 1155 647 1203 ab
661 1154 740 1216 stirpe
747 1159 855 1216 nepotes

54 1249 102 1290 loo
123 1243 212 1291 omnia
223 1243 270 1290 snb
284 1243 391 1305 pedibus
406 1259 457 1305 qua
470 1242 516 1291 Sol
530 1254 667 1306 utrumque
680 1256 813 1291 recurrens

123 1333 215 1395 aspicit
229 1331 363 1380 Oceanum
376 1333 490 1394 vertique
503 1333 609 1394 rogique
622 1323 766 1380 videbunt.’

124 1422 188 1471 haee
202 1436 326 1484 responsa
339 1422 418 1484 patris
432 1421 513 1469 Fauni
527 1422 692 1484 monitusque
705 1419 791 1468 silenti

124 1518 199 1560 nocte
213 1512 287 1559 datos
301 1526 353 1559 non
367 1511 421 1573 ipse
435 1526 482 1557 suo
495 1511 588 1572 premit
601 1525 645 1558 ore
658 1509 776 1566 Latinus,

125 1600 168 1648 scd
183 1601 279 1648 circum
293 1601 344 1647 late
357 1599 467 1646 volitans
481 1599 534 1645 iam
547 1599 628 1645 Fama
640 1612 686 1659 per
698 1597 775 1645 urbas

56 1693 104 1734 105
125 1689 255 1736 Ausonias
270 1689 371 1746 tulerat,
388 1703 446 1736 cum
458 1687 649 1735 Laomedontia
661 1686 742 1748 pubes

125 1776 258 1836 gramineo
273 1777 344 1838 ripae
358 1777 476 1838 religavit
489 1775 520 1823 ab
534 1789 628 1836 aggere
642 1775 759 1822 classem.

163 1865 265 1912 Aeneas
278 1865 405 1926 primique
419 1866 496 1912 duces
510 1872 535 1912 et
548 1863 655 1927 pulcher
667 1863 740 1911 Iulus

126 1967 236 2014 corpora
249 1952 295 1998 sub
310 1953 387 2000 ramis
402 1953 535 2015 deponunt
548 1953 646 2001 arboris
660 1953 728 2000 altae

126 2041 313 2103 instituontque
328 2041 406 2103 dapes
421 2050 446 2090 et
458 2042 554 2089 adorea
568 2041 620 2089 liba
632 2056 678 2104 per
691 2039 797 2089 horbam

57 2136 106 2178 110
126 2131 256 2178 subiciunt
269 2131 351 2193 epulis
366 2130 414 2191 (sic
426 2131 542 2193 luppiter
554 2131 598 2178 ille
611 2129 745 2192 monebat)

126 2227 151 2268 et
165 2219 271 2267 Cereale
284 2220 368 2267 solum
381 2220 465 2281 pomis
479 2219 621 2280 agrestibus
634 2226 739 2281 augent.

127 2309 286 2371 consumptis
300 2308 342 2356 hie
355 2307 420 2356 forte
434 2308 500 2367 aliis,
517 2318 545 2355 ut
557 2316 653 2357 vertere
666 2322 767 2355 morsus

127 2399 246 2459 exiguam
260 2398 286 2444 in
301 2395 421 2445 Cererem
434 2398 543 2460 penuria
556 2398 643 2459 adegit
656 2397 749 2445 edendi

127 2494 151 2534 et
164 2486 260 2534 violare
272 2501 351 2534 manu
364 2487 492 2548 malisque
506 2486 647 2534 audacibus
661 2485 749 2533 orbem

58 2579 106 2622 115
127 2575 212 2623 fatalis
226 2576 303 2623 crusti
317 2575 412 2637 patulis
425 2590 473 2623 nec
486 2590 591 2638 parcere
604 2575 719 2636 quadris,

122 2653 206 2722 ‘heus‚
223 2664 299 2712 etiam
312 2679 413 2711 mensas
428 2655 629 2712 consumimusl'
650 2661 849 2722 inaurtlulusg

647 2736 713 2790 ‘w
