1816 2956
253 186 401 227 AENEIDOS
420 186 507 225 Llnnn
521 186 550 224 V.
737 175 794 222 271

75 346 185 395 diductis
199 346 298 393 solvere
311 343 395 392 choris
409 357 547 405 rursusque
560 343 643 391 vocati

75 445 223 484 convertere
236 434 288 480 vias
302 433 447 494 infestaque
460 432 512 480 tela
525 432 614 480 tulere.

74 525 136 573 inde
150 524 215 572 alios
229 523 319 570 ineunt
333 536 420 570 cursus
435 521 551 583 aliosque
565 537 682 570 recursus

74 613 173 661 adversi
188 611 276 675 spatiis
290 612 454 673 alternosque
468 610 572 657 orbibus
586 609 660 658 orbes

29 708 53 752 35
73 702 211 765 inpediunt
224 714 378 763 pugnaeque
391 700 459 748 cient
471 687 610 747 simulacra
623 699 669 746 sub
684 700 760 747 ermis

75 797 101 841 ut
112 805 181 838 nuno
195 798 267 850 terga
280 790 342 850 suge
354 791 462 847 nudant,
478 803 546 835 nuno
559 789 659 850 spicula
673 797 773 837 vertunt

74 878 177 937 infensi,
193 879 262 927 factu
275 878 370 940 pariter
383 893 451 926 nuno
465 893 528 941 pace
542 877 665 925 seruntur.

74 974 104 1016 ut
116 968 248 1030 quondam
263 965 340 1015 Creta
353 966 432 1014 fertur
444 966 617 1028 Labyrinthus
631 967 658 1013 in
671 967 725 1014 alta

74 1056 214 1120 parietibus
229 1064 325 1104 textum
339 1056 421 1104 suecis
435 1056 482 1103 iter
496 1055 685 1118 ancipitemque

29 1151 55 1195 lo
75 1145 146 1197 mille
160 1145 206 1192 viis
219 1144 340 1192 habuisse
353 1145 451 1201 dolum,
468 1159 520 1205 qua
531 1144 606 1205 sigua
618 1144 743 1206 sequendi

75 1234 177 1283 falleret
189 1235 358 1296 indeprensus
372 1240 397 1281 et
409 1233 583 1280 inremeabilis
597 1248 676 1291 error,

75 1323 145 1372 haud
158 1324 210 1371 ulio
223 1323 353 1370 Teucrum
366 1322 418 1368 nati
440 1322 547 1383 vestigia
567 1337 642 1370 cursu

75 1412 211 1474 inpediunt
224 1419 365 1472 texuntque
378 1411 452 1471 fugas
466 1417 491 1458 et
503 1410 603 1473 proelia
616 1411 686 1469 ludo,

76 1501 227 1563 delphinum
241 1499 340 1547 similes
352 1499 396 1561 qui
410 1514 455 1561 per
468 1499 549 1546 maria
561 1499 649 1548 umida
662 1500 750 1548 nando

29 1596 55 1638 35
76 1588 247 1652 Carpathium
270 1587 448 1650 Libycumque
471 1596 559 1636 secant
578 1587 734 1651 [luduntque
757 1603 802 1651 per

376 1677 481 1740 undas}

75 1767 144 1815 huno
157 1781 256 1814 morem
269 1781 357 1814 cursus
378 1774 455 1828 etque
468 1767 531 1814 haee
545 1767 685 1814 certamina
705 1766 801 1828 primus

75 1855 213 1913 Ascanius,
228 1855 348 1916 Longam
362 1855 441 1902 muris
455 1871 513 1903 oum
527 1856 641 1916 cingeret
653 1854 758 1916 Albam,

75 1945 174 1993 rettulit
186 1952 211 1992 et
223 1945 320 2006 priscos
334 1944 423 1992 docuit
435 1944 564 1993 celebrare
576 1944 693 2003 Latinos,

76 2048 128 2096 quo
142 2048 205 2095 puer
217 2034 271 2095 ipse
284 2034 372 2091 modo,
388 2048 475 2081 secum
489 2049 540 2095 quo
554 2034 634 2082 Troia
646 2033 742 2096 pubos;

29 2128 58 2172 >0
75 2122 173 2171 Albani
188 2122 298 2170 docuere
311 2137 387 2181 suos;
408 2122 468 2171 hinc
481 2123 596 2171 maxima
608 2138 684 2185 porro

75 2211 176 2272 accepit
189 2210 271 2259 Rome
284 2217 309 2259 et
321 2211 433 2273 patrium
447 2213 555 2260 servavit
567 2214 702 2270 honorem,

76 2300 207 2362 Troiaque
221 2314 298 2358 nuno,
314 2301 386 2362 pueri
400 2301 541 2348 Troianum
556 2301 649 2350 dieitur
662 2315 764 2362 agmen.

75 2388 125 2437 huo
139 2388 268 2437 celebrata
281 2395 354 2436 tenus
368 2396 458 2437 saneto
472 2391 613 2438 certamina
625 2390 700 2452 patri.

112 2478 160 2526 Hic
173 2478 285 2540 primum
297 2478 413 2525 Fortuna
426 2478 502 2527 fidem
518 2486 616 2527 mutata
629 2477 739 2526 novant.

29 2571 57 2617 ³5
77 2567 140 2614 dum
152 2567 228 2614 variis
243 2568 341 2614 tumulo
356 2566 470 2615 referunt
482 2568 619 2616 sollemnia
632 2567 710 2626 ludis,

75 2654 138 2705 Irim
151 2655 183 2704 de
196 2655 268 2705 caelo
282 2655 352 2704 misi-t
364 2653 489 2706 Sutmnia
499 2656 568 2705 luno
