1816 2956
316 173 343 210 P.
360 171 481 210 'r'ERGILI
501 170 632 210 MARONIS

147 344 223 378 aecus
237 335 344 391 uterque
357 327 439 387 labor,
455 341 536 390 ecque
548 328 717 390 iuvenemque
730 329 846 389 magistri

147 418 286 480 exquirunt
299 416 463 478 calidumque
476 416 568 465 animis
583 423 608 464 et
620 415 737 464 cursibus
750 431 845 476 serem,

79 513 127 555 120
147 506 264 571 quemvis
273 518 354 568 saepe
367 504 429 566 fuga
441 519 527 553 versos
540 505 585 553 iile
597 505 678 566 egerit
690 504 777 552 hostes

147 603 173 643 et
184 595 295 657 putrium
306 593 414 656 Epirum
427 585 520 642 'referet
532 593 656 657 fortisque
669 594 791 655 Mycenas

146 683 310 746 Neptunique
323 682 380 745 ipse
393 683 504 730 deducet
516 683 616 743 origine
629 689 741 743 gentem.

182 771 228 819 His
242 770 426 819 animadversis
439 771 537 818 instant
549 771 595 818 sub
610 778 709 833 tempus
723 777 748 818 et
761 771 844 819 omnis

146 861 291 923 inpendunt
303 874 377 907 eurus
391 859 470 906 denso
485 859 629 908 distendere
642 859 732 921 pingui

81 955 127 997 125
147 964 224 1012 quem
237 950 322 1011 legere
335 949 427 996 ducem
440 954 466 994 et
476 948 563 1009 pecori
577 948 664 996 dixere
677 947 807 1006 meritum,

147 1037 312 1099 florentisque
324 1043 413 1085 secant
422 1035 517 1084 herbas
530 1037 672 1099 fluviosque
685 1036 834 1084 ministrant

146 1126 275 1189 ferraque,
291 1140 323 1174 ne
336 1126 433 1173 blando
447 1133 559 1187 nequeat
571 1139 704 1188 superesse
718 1125 803 1172 labori

146 1215 304 1276 invalidique
317 1222 419 1277 petrum
432 1214 544 1262 referunt
556 1215 653 1262 ieiunia
666 1215 728 1261 nuti.

146 1305 202 1366 ipse
215 1312 300 1352 autem
313 1304 396 1352 macie
409 1309 516 1353 tenuent
529 1309 644 1351 armentu
656 1303 780 1369 volentes,

79 1399 126 1440 130
146 1400 223 1456 utque
236 1393 279 1439 ubi
293 1392 445 1441 concubitus
458 1393 555 1454 primos
568 1392 620 1439 ium
633 1399 695 1440 notu
707 1392 826 1453 voluptas

145 1482 276 1540 sollicitat,
292 1481 447 1543 frondesque
460 1488 557 1543 negent
570 1487 595 1529 et
606 1481 720 1528 fontibus
734 1489 830 1530 arcent.

146 1586 222 1632 saepe
236 1571 312 1618 etium
326 1585 401 1619 cursu
416 1570 535 1632 quatiunt
547 1577 572 1619 et
584 1571 640 1618 sole
652 1570 772 1632 fatigent,

83 1658 86 1663 ’
147 1675 204 1707 cnm
217 1659 328 1720 graviter
341 1659 422 1706 tunsis
435 1659 515 1720 gemit
528 1674 588 1706 areu
601 1658 716 1720 frugibus
730 1666 756 1707 et
769 1675 827 1707 cum

146 1755 292 1809 surgentem
306 1748 338 1795 ud
352 1748 491 1809 zephyrum
504 1748 594 1809 paleae
607 1748 735 1795 iactantur
749 1748 847 1796 inanes.

78 1842 125 1884 135
146 1837 196 1885 hoe
209 1837 307 1884 fuciunt
320 1837 400 1884 nimio
413 1851 446 1884 ne
459 1837 522 1883 luxu
536 1836 670 1884 obtunsior
683 1851 744 1884 usus

146 1926 179 1973 sit
191 1926 298 1987 genitali
313 1940 373 1972 urvo
387 1933 412 1972 et
424 1926 509 1973 sulcos
523 1925 630 1973 oblimet
642 1925 739 1984 inertis,

146 2015 190 2062 sed
204 2015 288 2077 rupiat
301 2015 389 2062 sitiens
403 2014 531 2062 Venerem
543 2014 702 2076 interiusque
715 2016 848 2062 recondet.

180 2103 277 2151 Rursus
290 2118 351 2151 eura
362 2111 463 2165 patrum
476 2103 567 2150 endere
579 2110 604 2150 et
615 2102 752 2150 succedere
763 2111 874 2150 matrum

146 2192 245 2254 incipit.
274 2192 370 2239 exactis
383 2192 505 2252 gravidae
518 2207 576 2239 eum
590 2191 720 2239 mensibus
734 2200 830 2249 errant,

79 2286 126 2327 140
146 2295 198 2327 non
212 2281 270 2328 illas
282 2280 401 2341 gravibus
414 2280 551 2342 qnisquam
562 2281 624 2341 iuge
636 2281 728 2328 ducere
740 2281 872 2342 plaustris.

146 2383 198 2416 non
213 2371 279 2417 saltu
293 2384 414 2431 superare
427 2370 494 2417 rium
508 2370 541 2417 sit
553 2385 644 2431 pessus
658 2376 683 2416 et
696 2369 748 2416 ueri

147 2472 250 2520 serpere
263 2464 337 2520 prata
351 2457 412 2519 fuga
424 2459 565 2520 fluviosque
578 2458 668 2505 innare
682 2458 792 2520 raperis.

130 2546 246 2596 ,saltibus
258 2548 287 2596 in
304 2549 394 2598 raonis
407 2555 522 2614 pascunt
534 2554 560 2596 et
570 2548 651 2610 piens
660 2547 803 2593 seeundum

115 2635 242 2702 flumine,
261 2657 380 2694 muscus
395 2643 443 2693 ubi
459 2649 487 2691 ct
497 2637 665 2690 viridissime.
674 2630 876 2695 gerundensem&
