1816 2956
256 188 404 229 Annulnos
429 190 516 228 LIBER
532 191 586 229 XII.
766 183 824 229 517

101 347 223 408 Iuppiter,
240 354 265 394 et
277 347 394 393 Turnum
408 352 432 393 et
445 353 524 394 terras
538 347 617 392 invita
630 347 737 408 reliqui:

53 440 83 481 le
103 449 149 482 nee
163 442 189 481 tu
203 450 243 482 me
257 436 326 482 aeria
340 436 422 482 selam
435 449 504 482 nunc
517 436 577 482 sede
590 436 688 483 videres

101 523 179 583 dignu
193 524 301 584 indigne
314 524 377 585 pati,
393 523 438 570 sed
451 523 560 570 flammis
574 524 658 571 cineta
671 522 718 570 sub
732 523 788 585 ipse

100 618 193 659 sturem
214 612 269 659 acie
289 611 467 673 traheremque
486 611 592 659 inimice
609 612 636 658 in
650 611 750 675 proelia
762 612 829 658 Teu-

402 715 467 748 cres.

100 790 234 836 Iuturnam
248 789 341 836 misero
355 788 460 851 (fateor)
473 803 622 837 succurrere
635 788 706 837 fratri

102 877 171 922 suasi
184 884 209 924 et
221 892 267 938 pre
281 877 333 924 vite
346 878 444 924 maiora
457 879 552 927 audere
566 877 686 940 probavi:

53 969 81 1010 15
102 978 153 1009 nen
168 971 196 1010 ut
208 966 260 1012 tela
273 971 367 1023 temen,
384 980 435 1012 nou
450 973 478 1012 ut
491 966 657 1013 contenderet
670 979 774 1023 urcum;

102 1053 192 1099 udiuro
206 1052 288 1114 Stygii
302 1060 379 1115 caput
392 1053 548 1115 inplacabile
561 1053 648 1111 sontis,

101 1155 153 1188 une
166 1140 427 1204 superstitio-superis
441 1156 507 1203 quae
520 1142 620 1188 reddite
634 1141 706 1188 divis.

102 1238 126 1276 et
144 1243 211 1276 nnnc
232 1229 295 1276 cedo
309 1229 428 1290 equidem
441 1245 592 1292 pugnasque
606 1244 685 1277 exosa
697 1229 824 1290 relinquo.

101 1317 166 1364 illud
181 1324 213 1374 te,
230 1318 302 1364 nulla
315 1317 360 1364 feti
374 1319 443 1380 qued
458 1319 515 1378 lege
529 1325 636 1375 tenetur,

53 1412 81 1453 20
101 1421 147 1468 pro
161 1406 236 1453 Latio
251 1406 373 1464 obtestor,
389 1421 435 1468 pro
450 1406 582 1454 maiestate
595 1413 712 1452 tuorum:

100 1510 157 1542 eum
171 1495 222 1542 iam
237 1495 343 1543 conubis
357 1510 446 1557 pacem
460 1495 587 1553 felicibus,
604 1502 667 1552 este,
742 1509 744 1513 ·

100 1593 256 1646 conponent,
273 1599 331 1631 eum
345 1585 395 1631 iem
409 1586 479 1645 leges
492 1592 517 1631 et
529 1584 634 1631 foedere
647 1583 763 1643 iungent‚

98 1689 129 1721 ne
143 1682 213 1720 vetus
227 1674 362 1733 indigenas
376 1688 470 1721 nomen
484 1681 583 1721 mutare
596 1672 703 1719 Latinos

101 1777 150 1809 neu
163 1762 245 1808 Treas
259 1762 312 1808 fieri
327 1762 415 1808 iubeas
429 1762 594 1822 Teucrosque
607 1759 692 1808 vecari

53 1855 79 1897 25
100 1858 144 1897 aut
157 1864 244 1897 vocem
258 1856 357 1896 mutere
370 1849 436 1895 vires
451 1857 495 1896 aut
507 1856 602 1896 vertere
615 1855 719 1896 vestem.

100 1939 133 1986 sit
145 1938 257 1996 Latium,
274 1938 325 1984 sint
337 1937 432 1985 Albani
446 1952 491 1999 per
504 1938 608 1985 saecule
620 1950 701 1997 reges,

100 2028 133 2075 sit
145 2027 263 2074 Remuna
276 2034 366 2088 petens
380 2026 446 2074 Itele
458 2026 550 2074 virtute
563 2038 695 2087 propago:

100 2116 195 2164 eccidit
207 2116 381 2177 occideritque
394 2115 463 2162 sinus
478 2130 536 2162 cum
549 2114 653 2161 nemine
666 2105 764 2161 Troia?

99 2206 144 2252 elli
159 2205 293 2253 subridens
306 2205 440 2252 hominum
455 2217 590 2264 rerumque
607 2209 720 2264 repertor

53 2301 79 2342 30
96 2285 134 2342 ‘es
147 2309 271 2355 germana
283 2294 350 2341 Ievis
364 2292 520 2355 Saturnique
533 2293 615 2340 alt-era
627 2291 728 2352 proles:

98 2383 194 2430 irarum
208 2391 293 2430 tantos
305 2383 386 2429 volvis
399 2381 445 2430 sub
459 2388 562 2444 pectore
576 2380 676 2427 fluetus.

98 2486 186 2519 verum
199 2486 247 2532 age
260 2478 285 2519 et
297 2471 427 2532 inceptum
440 2471 533 2517 frustra
547 2468 667 2516 submitte
680 2466 807 2513 furorem:

100 2560 133 2606 do
147 2560 215 2621 quod
229 2561 266 2606 vis
280 2567 305 2607 et
317 2573 357 2606 me
370 2560 502 2620 vietusque
515 2558 655 2618 volensque
668 2555 779 2602 remitte.

99 2663 244 2696 sermenem
257 2647 365 2696 Ausonii
380 2648 491 2710 patrium
504 2659 639 2707 moresque
652 2643 775 2692 tenebunt
