1816 2956
46 158 106 207 510
283 168 309 207 1².
328 167 450 209 6666666
470 165 600 209 nuncius

45 330 95 374 630
115 340 163 373 666
176 338 283 372 numero
297 323 412 383 inferior,
432 336 536 385 pugnae
548 337 597 371 nec
609 322 714 373 honere
728 316 849 375 recedes.¹

115 414 217 461 Turnus
231 413 263 460 ad
277 413 342 460 haec

115 502 140 549 ‘0
153 516 235 560 soror,
251 508 276 549 et
289 502 386 549 dudum
400 501 521 563 adgnovi,
537 515 596 549 cum
609 501 696 562 prima
710 517 759 565 per
773 512 848 552 arten

115 590 220 638 foedera
233 589 341 638 turbasti
354 596 431 650 teque
443 589 508 638 haee
521 589 548 636 in
561 589 629 637 bella
643 590 752 651 dedisti,

116 685 141 726 et
153 693 222 726 nunc
236 679 393 740 nequiquam
407 677 475 725 fallis
489 678 546 726 dea.
573 678 617 726 sed
633 678 692 740 quis
708 679 823 744 Olympo

46 772 95 816 635
117 768 254 815 demissam
267 775 352 815 tantos
366 766 448 814 voluit
460 775 485 813 te
497 764 563 813 i'crre
576 764 700 814 labores?

116 871 149 903 66
163 856 247 905 fratris
260 856 346 904 miseri
360 856 440 902 letum
453 859 481 901 ut
493 853 597 901 crudele
609 854 734 904 videres?

117 960 176 992 nam
191 944 252 1007 quid
266 944 334 1005 agol
354 950 399 991 aut
411 957 478 1005 quae
490 942 543 989 iam
555 943 667 1004 spondet
679 944 802 997 Fortuna
814 963 850 995 66-

417 1031 515 1080 intem?

116 1121 166 1168 vidi
181 1122 270 1169 oculos
285 1127 343 1168 ente
357 1120 412 1182 ipse
425 1134 497 1168 meos
509 1135 550 1168 me
563 1134 626 1169 voce
639 1130 784 1173 vocantem

874 40 886 253 l

116 1210 276 1268 Murranum,
292 1224 344 1271 quo
357 1223 410 1256 non
423 1215 527 1270 superat
538 1209 602 1257 mihi
615 1211 704 1258 carior
718 1213 796 1273 alter,
870 1198 880 1217 ⁵

47 1304 97 1346 640
118 1306 239 1361 oppetere
252 1298 383 1359 ingentem
396 1305 474 1360 atque
486 1297 585 1359 ingenti
598 1299 708 1348 volnere
721 1301 829 1350 victum.

118 1388 213 1435 occidit
225 1388 325 1440 infelix,
343 1401 374 1434 ne
388 1393 504 1433 nostrum
518 1387 628 1435 dedecus
642 1388 728 1437 Ufens

117 1477 258 1538 aspiccrct3
279 1475 372 1523 Teucri
387 1474 519 1537 potiuntur
532 1489 641 1536 corpore
655 1484 680 1524 et
694 1481 788 1529 armis.

118 1565 254 1613 cxciudine
268 1565 358 1611 domos
372 1562 409 1623 (id
424 1561 499 1609 rebus
513 1563 594 1610 defuit
606 1565 702 1626 unum)

117 1653 254 1715 perpetiar,
272 1653 362 1700 dextra
375 1665 421 1698 nec
434 1650 546 1698 Drancis
560 1652 629 1700 dicta
642 1654 786 1706 refellam?

48 1747 96 1790 645
119 1750 190 1804 terga
203 1743 270 1790 drtbo
291 1748 316 1789 et
328 1741 444 1787 Turnum
457 1739 598 1799 fugientem
616 1739 682 1789 6666
703 1751 775 1796 terra
789 1747 844 1794 ride

418 1827 472 1875 bit?

119 1937 147 1967 66
151 1935 200 1981 que
214 1919 312 1965 adeone
326 1918 390 1964 mori
404 1917 525 1964 miserum
538 1918 592 1964 est?
612 1923 760 1971 vosomihi
769 1939 849 1972 666666

119 2016 170 2056 6666
186 2008 255 2063 boni,
272 2007 395 2067 quoniam
409 2005 507 2067 superis
521 2007 628 2054 aduersa
641 2009 778 2061 voluntas.

119 2096 253 2143 sancitati
268 2110 311 2141 666
326 2096 413 2141 anima
426 2102 502 2156 atque
515 2095 588 2141 istius
602 2097 690 2145 nescia
705 2102 805 2164 culpae
871 2138 875 2156 ,

120 2185 288 2241 descendam,
316 2198 471 2244 magnorum
496 2182 563 2230 haud
583 2199 709 2245 umquam
733 2190 851 2253 indignus

421 2264 546 2318 avorum?

51 2369 101 2410 650
157 2361 208 2408 Vix
227 2376 257 2408 66
270 2360 306 2407 s
281 2377 294 2406 1
297 2368 336 2407 tus
351 2368 418 2418 crat,
439 2361 537 2408 medios
550 2362 620 2407 volat
632 2375 693 2411 6666
708 2380 759 2426 per
772 2368 851 2416 hosta·

120 2458 207 2498 666666
221 2464 288 2511 equo
302 2456 437 2510 spumante
450 2447 537 2507 Saces,
554 2450 662 2499 adversa
675 2455 779 2514 sagitta

121 2541 223 2588 amicius
237 2553 291 2595 om,
307 2537 408 2597 ruitque
421 2537 554 2599 inplorans
568 2538 674 2587 nominc
687 2541 820 2593 Turnum.

118 2621 225 2686 ‘Turnc‚
241 2628 267 2674 iu
282 2634 306 2674 te
319 2640 439 2687 suprema
452 2628 536 2674 salus:
557 2627 680 2677 miscuere
694 2637 812 2682 tuorum.

863 1844 880 2379 l
