1816 2956
332 201 453 244 ECLOGA
473 202 503 243 V.

44 367 70 410 ιθ
90 361 210 420 instituit,
225 360 343 423 Daphnis
357 359 454 408 thiasos
467 360 590 408 inducere
602 359 698 409 Bacchi

91 456 117 498 et
128 448 197 497 foliis
211 450 294 498 lentas
307 449 423 497 intexere
435 448 557 496 mollibus
571 449 666 496 hastas.

90 537 149 586 vitis
161 543 190 584 ut
202 536 336 586 arboribus
349 538 436 586 decori
449 544 496 595 ast,
512 543 540 583 ut
552 536 645 584 vitibus
658 552 732 596 uvae,

90 633 120 674 ιιι
130 626 252 688 gregibus
266 627 342 685 tauri,
357 633 456 686 sagatos
468 632 498 673 ιιι
509 624 649 687 pinguibus
663 626 738 684 arvis,

91 720 119 761 tu
132 714 210 763 dacus
223 729 300 763 omne
313 715 372 762 tuis.
398 720 536 776 postquam
549 720 573 761 te
585 713 639 761 fata
651 715 774 770 tulerunt,

44 807 70 850 35
91 802 149 864 ipsa
162 802 236 851 Pales
250 816 326 864 agros
339 809 417 864 atque
429 802 485 864 ipse
498 801 604 864 reliquit
614 803 721 865 Apollo.

90 891 201 952 grandia
212 905 289 954 saepe
302 891 395 954 quibus
409 891 587 938 mandavimus
600 891 698 938 hordea
710 890 798 947 sulcis,

91 979 183 1027 infelix
195 980 286 1028 lolium
299 986 324 1028 et
335 979 433 1028 steriles
446 986 587 1027 naseuntur
600 992 711 1037 avenas3

92 1082 140 1130 pro
153 1067 226 1115 molli
238 1068 316 1126 viola,
331 1083 378 1130 pro
391 1081 520 1131 purpureo
534 1067 648 1115 narcisso

92 1158 203 1205 carduus
216 1163 242 1204 et
254 1156 334 1218 spinis
347 1157 430 1218 surgit
441 1157 557 1219 paliurus
571 1155 661 1203 acutis.

43 1251 72 1292 ιιι
92 1245 206 1307 spargite
219 1244 327 1292 humum
339 1245 423 1302 foliis,
445 1245 559 1292 inducite
577 1242 691 1291 fontibus
704 1240 817 1299 umbras,

92 1339 207 1396 pastores
221 1333 341 1395 (mandat
353 1333 408 1382 fieri
421 1332 469 1381 sibi
483 1333 547 1380 talia
559 1331 700 1394 Daphnis),

92 1428 119 1468 st
130 1421 258 1468 tumulum
270 1420 348 1469 facita
361 1428 386 1469 at
398 1422 498 1469 tumulo
512 1419 676 1483 superaddita
690 1432 801 1474 cannen,

89 1499 220 1571 ‘Daphnis
233 1524 282 1571 ego
294 1511 320 1557 in
332 1511 410 1568 silvis,
427 1510 488 1557 hino
499 1523 581 1571 usquo
593 1509 624 1555 ad
637 1507 722 1555 sidera
734 1513 819 1559 notus.

93 1597 200 1647 formosi
213 1598 313 1661 pecoris
327 1606 422 1656 custos,
438 1597 574 1645 formosior
587 1588 661 1659 ipse.’

43 1692 72 1734 45
129 1701 175 1734 ua.
197 1687 262 1736 Tala
274 1694 347 1734 tuum
360 1701 463 1735 carmen
476 1685 560 1746 uobis,
577 1685 661 1732 divina
674 1689 760 1746 posta,

94 1775 172 1837 quala
185 1790 264 1838 sopor
277 1775 349 1823 lassis
361 1775 389 1823 in
402 1775 528 1836 gramine,
544 1773 621 1836 quale
634 1787 679 1835 per
692 1780 792 1820 aestum

94 1863 176 1911 dulcis
189 1878 272 1926 aquas
285 1865 393 1912 saliente
406 1863 475 1910 sitim
487 1862 645 1922 restinguere
658 1862 721 1909 rivo.

94 1966 142 2000 nac
149 1952 256 2000 calamis
263 1953 347 2000 solum
355 1952 516 2014 aequiparas,
532 1951 575 1998 ssd
585 1949 817 2010 vocemagistrum.

93 2039 223 2088 fortunata
235 2054 307 2102 puer,
323 2047 350 2087 tu
363 2054 433 2089 nuno
446 2040 495 2088 aris
508 2040 575 2087 altar
588 2038 619 2086 ab
633 2037 690 2085 illo.

42 2134 74 2176 50
94 2142 141 2175 nos
167 2136 253 2177 tamen
278 2128 343 2177 haec
369 2141 534 2191 quocumque
559 2127 637 2174 modo
662 2126 707 2174 tibi
733 2134 822 2175 nostra

394 2216 507 2265 vicissim

94 2305 208 2353 dicemus
221 2304 405 2367 Daphnimque
418 2312 490 2353 tuum
503 2303 623 2351 tollemus
637 2304 669 2351 ad
683 2311 760 2362 astra,

93 2393 219 2455 Daphnin
239 2394 270 2440 ad
290 2400 359 2441 astra
377 2393 502 2442 feremus:
529 2392 623 2439 amavit
646 2407 693 2439 nos
717 2406 821 2453 quoque

393 2481 521 2545 Daphnis.

87 2583 134 2614 uo.
155 2569 198 2612 An
211 2569 349 2628 quiequam
362 2572 441 2622 nobis
456 2575 504 2626 tali
518 2575 557 2626 sit
570 2590 686 2627 munero
700 2571 811 2624 maiusl

70 2655 99 2692 0²
102 2661 174 2704 1²³0!
181 2650 240 2709 1'1180
251 2654 304 2704 luit
317 2665 422 2713 cantari
438 2667 548 2736 dignus
566 2679 592 2722 st
606 2671 666 2722 ista

652 2751 694 2807 εἰ*
