1816 2956
246 203 394 242 aunsmos
413 203 500 243 mana
516 204 559 242 rx.
739 193 800 242 395

71 351 244 408 ‘absistamus'
258 360 307 407 ait:
325 350 396 407 ‘nam
410 360 456 407 lux
468 360 573 408 inimica
587 361 752 423 propinquat.

74 464 217 511 poenarum
243 448 397 497 exhaustum
423 449 484 495 satis
515 457 567 507 est;
599 449 639 495 via
664 447 732 496 facta
757 463 803 510 per

376 528 484 584 hostes.'

27 633 53 676 55
74 628 156 675 multa
168 627 250 674 virum
264 627 348 674 solido
362 632 469 688 argento
482 626 596 688 perfecta
609 626 737 674 relincunt

74 731 197 778 armaque
210 722 374 776 craterasque
387 715 463 762 simul
477 714 651 776 pulchrosque
664 721 772 776 tapetas.

73 805 200 866 Euryalus
214 803 335 866 phaleras
349 803 499 851 Rhamnetis
512 810 538 850 et
550 816 628 849 aurea
640 801 720 850 bullis

75 894 188 954 cingula,
204 893 306 940 Tiburti
320 892 429 940 Remulo
444 891 584 939 ditissimus
598 890 661 938 olim

74 995 140 1043 quae
154 981 231 1028 mittit
245 981 322 1037 dona,
338 980 450 1042 hospitio
464 994 522 1027 curn
535 980 653 1040 iungeret
665 979 766 1038 absens,

27 1074 55 1116 30
75 1067 219 1127 Caedicus;
234 1070 278 1118 ille
291 1084 338 1116 suo
352 1069 463 1116 moriens
478 1070 522 1116 dat
535 1067 629 1116 habere
643 1069 747 1130 nepoti;
819 1049 820 1056 ἵ

74 1166 253 1220 postmortem
267 1157 336 1204 bello
350 1156 439 1204 Rutuli
453 1171 592 1219 pugnaque
604 1157 693 1219 potiti:

73 1246 137 1295 haec
151 1247 218 1308 rapit
231 1253 309 1307 atque
322 1245 416 1292 umeris
430 1245 588 1307 nequiquam
600 1244 709 1293 fortibus
720 1252 800 1308 aptat.

74 1341 128 1381 turn
141 1334 243 1395 galeam
256 1334 368 1396 Messapi
381 1333 495 1381 habilem
509 1333 642 1395 cristisque
656 1334 779 1382 docorem

73 1423 166 1470 induit.
194 1423 323 1471 excedunt
336 1423 424 1470 castris
439 1430 464 1470 et
476 1429 531 1469 tuta
544 1429 688 1484 capessunt.

27 1516 53 1560 55
108 1511 209 1559 Interea
223 1511 356 1574 praemissi
370 1511 467 1572 equites
481 1525 514 1558 ex
526 1509 589 1558 urbe
601 1510 705 1568 Latina,

74 1607 157 1648 cetera
171 1600 233 1647 dum
246 1600 314 1661 legio
330 1601 426 1661 campis
439 1600 564 1647 instructa
577 1607 700 1657 moratur,

73 1689 146 1735 ibant
159 1698 184 1736 et
196 1689 285 1736 Turno
300 1689 354 1749 regi
367 1703 492 1750 responsa
504 1687 628 1744 ferebant,

74 1784 225 1833 tercentum,
241 1777 333 1825 scutati
348 1791 445 1834 omnes,
461 1775 600 1824 Volscente
614 1775 746 1836 magistro.

74 1864 178 1925 iamque
196 1864 406 1926 propinquabant
424 1865 513 1913 castris
531 1878 657 1927 muroque
670 1863 800 1920 subibant,

27 1957 55 2001 70
75 1967 133 2000 cum
147 1953 238 2014 procul
251 1952 299 1999 hos
313 1953 385 2000 laevo
399 1952 523 2000 flectentis
536 1952 617 2000 limite
630 1960 739 2001 cernunt

74 2048 100 2088 et
111 2041 187 2102 galea
200 2040 341 2102 Euryalum
353 2039 476 2088 sublustri
489 2040 572 2087 noctis
586 2040 612 2087 in
626 2040 716 2089 umbra

74 2128 188 2190 prodidit
201 2129 370 2177 inmemorem
383 2129 513 2190 radiisque
527 2129 633 2177 adversa
646 2129 754 2178 refulsit.

74 2217 144 2264 haud
158 2223 252 2265 temere
266 2225 303 2266 est
316 2218 412 2264 visum:
428 2217 574 2265 conclamat
586 2217 618 2265 ab
630 2218 804 2279 agmineVol-

375 2319 449 2354 scens

72 2385 156 2452 ‘state
173 2395 228 2442 viri.
251 2409 318 2458 quae
332 2393 495 2442 causariae?
509 2395 583 2456 quive
597 2395 656 2443 estis
669 2394 696 2442 in
711 2393 803 2441 armis?

27 2488 56 2532 75
77 2498 160 2545 quove
173 2483 264 2531 tenetis
278 2475 352 2531 iterl’
371 2482 436 2531 nihil
449 2483 489 2530 illi
503 2484 607 2531 tendere
621 2489 718 2540 contra,

75 2573 119 2620 sed
134 2573 246 2619 celerare
259 2571 347 2633 fugam
359 2572 386 2618 in
400 2572 475 2619 silvas
488 2578 514 2619 et
526 2572 605 2620 fidere
617 2571 696 2619 nocti.

76 2659 192 2708 obiciunt
204 2654 306 2722 equites*
316 2674 371 2708 sese
385 2661 417 2708 ad
432 2661 542 2709 divortia
555 2668 620 2707 nota
