1816 2956
173 101 236 149 264
413 111 440 150 Ρ.
456 110 578 150 vnamnr
595 110 726 152 Mauortis

244 269 343 316 exultat
355 268 446 326 fidens,
461 267 482 314 si
495 282 564 315 nunc
577 267 643 316 foret
655 269 703 317 illa
714 269 840 328 iuventas,
881 308 899 335 r.-

243 357 312 404 haud
327 357 447 419 equidem
459 357 541 419 pretio
554 356 674 404 inductus
688 357 849 421 pulchroque
862 348 907 406 100

173 451 224 493 400
243 446 383 493 venissem:
405 459 452 492 nee
465 445 535 492 dona
547 437 653 492 moror.'
678 446 715 493 sic
729 447 821 494 deinde
833 447 907 495 locut

244 535 271 582 in
284 534 397 584 medium
409 534 527 594 geminos
540 533 638 581 inmani
652 535 765 597 pondere
779 542 879 585 caestus

244 623 360 686 proiecit,
376 621 468 686 quibus
483 637 540 670 acer
553 622 622 684 Eryx
634 623 661 669 iu
675 624 774 685 proelia
786 630 873 671 suetus

240 712 309 767 ¹ferre
321 725 428 759 manum
441 711 556 773 duroque
569 711 702 761 intendere
714 711 836 760 bracchia
853 719 878 759 te
896 732 908 769 ¹:

245 800 391 862 obstipuere
404 799 498 848 animi:
521 806 651 847 tantorum
664 801 780 861 ingentia
793 807 891 862 septem

175 894 225 936 405
245 895 318 950 terga
330 888 408 936 boum
422 888 528 950 plumbo
542 889 627 936 insuto
642 889 760 950 ferroque
773 889 902 950 rigebant.

202 1029 205 1034 ,
246 985 305 1026 ante
318 978 400 1025 omnis
414 983 499 1039 stupet
510 977 564 1039 ipse
577 977 660 1024 Dares
673 977 803 1039 longeque
816 992 859 1026 rec
882 997 892 1011 ·‹

245 1066 478 1128 magnanimusque
490 1065 662 1113 Anchisiades
675 1074 700 1113 et
712 1067 813 1128 pondus
827 1072 853 1114 et
864 1066 899 1129 ip

246 1155 296 1203 hue
309 1155 372 1202 illuc
385 1155 528 1202 iinclorum
541 1155 659 1202 inmense
670 1155 804 1202 volumina
816 1169 889 1203 versa

240 1249 298 1301 tum
313 1244 398 1292 senior
412 1245 470 1292 talis
484 1243 609 1292 referebat
622 1250 725 1305 pectore
738 1257 822 1291 voces.

176 1338 226 1380 410
242 1322 315 1395 ‘quid
329 1333 409 1395 siquis
423 1339 521 1380 caestus
534 1333 614 1394 ipsius
628 1339 652 1380 et
664 1332 782 1380 Herculis
797 1347 871 1380 arma

246 1421 349 1468 vidisset
362 1421 510 1481 tristemque
522 1420 573 1469 hoc
585 1422 641 1483 ipso
655 1421 682 1467 in
695 1422 770 1468 litore
782 1435 901 1482 pugnaui

246 1511 310 1558 haec
322 1524 459 1572 gemianus
472 1509 540 1570 Eryx
554 1511 686 1572 quondam
704 1516 761 1556 tuos
780 1525 853 1557 arma
874 1529 900 1567 :³

247 1599 385 1661 (sanguiue
398 1599 480 1646 cernis
493 1598 577 1647 adhuc
589 1614 730 1661 sparsoque
742 1598 838 1646 infecta
845 1614 898 1647 cer

247 1688 286 1735 his
299 1703 422 1749 magnum
435 1687 546 1735 Alciden
561 1695 649 1735 contra
662 1688 745 1745 stetit;
760 1687 799 1734 his
814 1702 901 1748 egos·

177 1781 226 1823 415
248 1777 308 1823 dum
322 1777 414 1825 melior
426 1777 485 1824 viris
499 1777 604 1837 sanguis
619 1776 704 1834 dabat,
721 1776 825 1824 aemula
838 1778 904 1825 need

247 1866 404 1927 temporibus
417 1866 527 1927 geminis
542 1865 650 1913 canebat
663 1880 752 1926 sparsa
765 1872 893 1912 senectus.

246 1955 290 2001 sed
304 1954 325 2004 si
339 1960 427 2006 nostra
439 1954 521 2001 Dares
535 1953 599 2000 haec
612 1953 705 2000 Troius
718 1968 790 2001 arma
804 1961 907 2001 recusat

247 2043 325 2104 idque
339 2042 381 2104 pio
395 2044 466 2091 sedet
478 2044 591 2100 Aeneae,
607 2042 699 2104 probat
712 2049 802 2089 auctor
814 2043 884 2090 Aees
901 2061 908 2084 ι

247 2145 387 2192 aequemus
401 2145 510 2196 pugnas.
537 2131 625 2192 Erycis
639 2131 684 2177 tibi
699 2139 772 2192 terga
785 2131 889 2179 remitto

177 2223 228 2266 420
247 2219 329 2281 (solve
343 2219 436 2281 metus)
450 2228 475 2267 et
487 2227 514 2266 tu
527 2220 655 2266 'l'roianos
670 2234 735 2266 exue
749 2212 870 2267 caestus.'

242 2309 310 2366 ¹haee
324 2308 390 2355 satus
404 2308 533 2370 duplicem
547 2323 579 2355 ex
592 2309 685 2356 umeris
700 2309 787 2356 reiecit
801 2309 908 2357 amictui

248 2404 273 2446 et
284 2411 393 2459 magnos
406 2395 579 2444 membrorum
598 2404 681 2455 artus,
703 2413 798 2458 magna
818 2413 877 2447 ossa
896 2400 905 2447 l

204 2545 208 2554 Ι
548 2493 640 2547 tosque

185 2598 191 2611 ·
212 2574 215 2579 ’
244 2575 407 2640 exultatque
420 2574 512 2639 ingens
525 2574 611 2622 media
624 2575 741 2622 consistit
754 2575 860 2623 harena.
