1816 2956
272 179 419 219 ununmos
444 181 530 220 mmm
546 182 586 221 vr.
766 174 825 223 291

101 344 230 385 maternas
243 337 379 398 adgnoscit
392 352 450 385 aves
463 339 596 401 laetusque
610 347 737 402 precatur.

98 415 162 473 ‘este
175 427 252 474 duces
266 441 281 474 o
295 426 369 488 siqua
382 426 424 473 via
436 434 474 474 est
487 442 640 490 cursumque
653 443 699 491 per
712 444 787 477 auras

53 519 80 561 35
102 515 203 576 dirigite
216 515 243 562 in
257 515 329 562 lucos
342 514 385 562 ubi
399 514 522 577 pinguem
536 516 604 564 dives
619 525 713 579 opacet

101 617 186 651 ramus
200 603 315 650 humum.
343 609 422 666 tuque
436 618 451 649 o
465 603 549 651 dubiis
563 619 595 652 ne
609 604 688 654 defice
701 606 786 667 rebus,

101 692 159 740 dive
172 685 283 755 parens?
309 693 346 741 sic
359 693 450 741 effatus
463 692 572 754 vestigia
584 693 685 754 pressit,

101 781 239 829 observans
253 794 319 842 quae
333 781 407 842 signa
420 781 511 840 ferant,
528 795 579 843 quo
593 782 697 830 tendere
709 791 827 845 pergant.

100 877 234 932 pascentes
248 869 310 917 illae
323 877 423 917 tantum
436 871 540 933 prodire
553 870 665 918 volando

53 964 81 1006 >0
101 964 227 1020 quantum
240 958 294 1005 acie
307 964 413 1019 possent
425 959 493 1006 oculi
507 973 607 1007 servare
621 966 781 1022 sequentum.

101 1046 161 1093 inde
174 1045 217 1093 ubi
230 1060 322 1094 venere
336 1047 368 1094 ad
382 1046 469 1094 fauces
481 1061 558 1108 grave
571 1047 665 1095 olentis
678 1049 783 1108 Averni,

101 1135 197 1182 tollunt
209 1149 236 1182 se
249 1134 344 1182 celeres
358 1134 537 1197 liquidumque
550 1151 596 1198 per
609 1151 669 1184 aera
682 1137 771 1199 lapsae

101 1222 204 1271 sedibus
218 1223 311 1285 optatis
324 1223 445 1284 geminae
457 1238 534 1286 super
546 1224 637 1273 arbore
650 1225 738 1272 sidunt

102 1313 215 1360 discolor
228 1311 296 1359 unde
309 1311 365 1358 auri
378 1326 426 1374 per
437 1326 522 1360 ramos
536 1328 600 1360 auru
612 1313 721 1361 refulsit.

53 1406 80 1449 35
102 1401 179 1464 quale
192 1401 258 1449 solet
270 1400 339 1447 silvis
353 1400 463 1448 brumali
480 1401 575 1463 frigore
587 1402 685 1449 viscum

101 1490 193 1538 fronde
206 1490 286 1538 virere
299 1503 374 1548 nova,
391 1491 460 1551 quod
475 1504 527 1538 non
541 1505 588 1538 sua
601 1491 711 1538 seminat
724 1490 810 1551 arbos,

59 1632 60 1635 Ἴ
102 1587 126 1626 ct
139 1593 230 1628 croceo
244 1579 296 1627 fetu
310 1579 396 1626 teretis
410 1578 570 1626 circumdare
583 1586 697 1638 truncos,

101 1668 160 1715 talis
173 1675 228 1715 erat
241 1667 339 1729 species
353 1667 408 1714 auri
425 1666 568 1715 frondentis
581 1680 665 1729 opaea

102 1756 169 1813 ilice,
186 1756 222 1802 sic
235 1756 287 1802 leni
302 1755 445 1817 crepitabat
457 1755 557 1803 brattea
568 1763 653 1803 vento.

53 1849 82 1890 10
102 1844 209 1906 corripit
220 1844 322 1891 Aeneas
336 1844 465 1906 extemplo
479 1844 620 1908 avidusque
633 1842 751 1904 refringit

102 1939 265 1980 cunctantem
278 1931 379 1979 stratis
392 1938 479 1993 portat
490 1932 537 1979 sub
550 1938 618 1980 tecta
630 1930 754 1994 Sibyllae.

137 2020 190 2068 Nec
203 2021 287 2067 minus
300 2019 400 2068 interea
411 2019 541 2068 Misenum
553 2021 580 2067 in
594 2020 670 2068 litore
683 2020 776 2069 Teucri

102 2110 198 2158 flebunt
211 2117 236 2156 et
249 2110 328 2157 cineri
342 2109 444 2171 ingrato
457 2123 577 2171 suprema
590 2109 714 2158 ferebant.

101 2199 229 2260 principio
243 2198 366 2260 pinguem
379 2198 461 2246 taedis
474 2204 500 2246 et
511 2197 605 2246 robore
618 2205 688 2246 secto

53 2293 80 2334 15
101 2287 232 2348 ingentem
246 2295 361 2335 struxere
374 2301 473 2349 pyram,
490 2287 530 2335 cui
544 2285 679 2334 frondibus
692 2286 753 2334 atris

102 2376 220 2424 intexunt
234 2377 315 2424 latera
328 2381 353 2424 et
365 2375 452 2424 feralis
466 2382 525 2423 aute
538 2388 677 2438 cupressos

69 2441 71 2448 ,
103 2465 261 2512 constituont
274 2466 446 2526 decorantque
459 2477 537 2526 super
549 2463 706 2526 fulgentibus
723 2461 811 2510 armis.

101 2568 160 2616 pars
175 2554 273 2601 calidos
287 2553 376 2601 latices
389 2559 415 2600 et
427 2566 493 2600 aena
505 2552 631 2600 undantia
643 2551 761 2618 flammis,

102 2643 242 2705 expediunt
256 2656 400 2704 corpusque
413 2641 500 2688 lavant
512 2640 632 2702 frigentis
645 2647 673 2687 et
685 2642 826 2697 unguent.

624 2713 688 2768 lb*
