1816 2956
298 199 446 240 nanninos
468 199 555 238 ursan
571 199 612 238 vr.
790 187 848 234 181

127 358 270 416 defuerint3
291 357 356 405 alius
370 357 448 404 Latio
459 356 512 403 iam
525 361 613 418 partus
625 354 751 413 Achilles,

72 454 106 498 90
127 455 202 496 natus
216 447 307 509 etipse
320 447 384 504 dea3
405 460 453 493 nec
466 445 572 493 Teucris
586 443 675 491 addita
686 443 752 490 Iuno

126 551 236 599 usquam
249 534 339 593 aberit,
356 549 414 582 cum
427 540 455 580 tu
468 534 577 596 supplex
589 532 616 581 in
629 531 704 580 rebus
718 531 806 593 egenis

126 640 189 689 quas
202 631 291 687 gentes
304 623 400 671 Italum
413 630 457 670 aut
470 637 534 684 quas
547 636 600 668 non
613 621 725 669 oraveris
739 620 829 669 urbes!

126 729 205 762 causa
217 713 278 761 mali
292 711 357 759 tanti
371 711 485 760 coniunx
497 710 589 758 itenrm
601 709 705 771 hospita
716 709 823 759 Teucris

126 802 276 864 externique
288 801 381 849 iterum
394 799 512 847 thalami.

73 895 105 940 95
125 897 153 938 tu
166 905 199 938 ne
213 890 275 938 cede
287 890 372 948 malis,
388 890 432 938 sed
447 897 536 938 contra
549 887 684 937 audentior
697 887 744 947 ito,

125 994 178 1041 qua
190 986 235 1026 tua
247 985 271 1026 te
283 978 397 1026 Fortuna
410 979 485 1027 sinet.
512 979 553 1027 via
566 978 649 1040 prima
662 976 761 1036 salutis,

125 1067 196 1129 quod
210 1067 315 1114 minime
327 1067 399 1124 reris,
416 1065 495 1114 Graia
508 1067 635 1129 pandetur
648 1065 680 1115 ab
695 1056 777 1114 urbe.³

161 1155 268 1204 Talibus
281 1170 314 1204 ex
326 1156 403 1218 adyto
417 1156 491 1203 dictis
506 1154 619 1217 Cymaea
632 1154 732 1217 Sibylla

125 1244 267 1292 horrendas
281 1245 350 1292 cauit
363 1244 485 1305 ambages
498 1251 624 1306 antroque
637 1243 756 1306 remugit,

56 1337 106 1380 100
125 1333 241 1381 obscuris
254 1348 314 1380 vera
325 1333 473 1380 involvens:
495 1347 526 1380 ea
538 1333 610 1380 frena
622 1332 717 1380 furenti

125 1422 240 1470 concutit
252 1428 277 1470 et
289 1421 407 1469 stimulos
421 1421 467 1468 sub
482 1429 585 1484 pectore
598 1421 673 1469 vertit
684 1421 791 1484 Apollo.

124 1516 153 1556 ut
165 1510 276 1572 primum
289 1511 365 1559 cessit
377 1510 448 1558 furor
461 1517 486 1559 et
499 1510 590 1559 rabida
603 1524 649 1558 ora
662 1510 791 1573 quierunt,

124 1598 216 1661 incipit
227 1601 330 1648 Aeneas
343 1599 419 1648 heros
429 1589 493 1647 ‘non
506 1599 561 1647 ulla
574 1599 702 1658 laborum,

125 1702 140 1734 o
153 1688 236 1750 virgo,
251 1703 319 1736 nova
331 1689 366 1736 mi
380 1689 459 1754 iacies
472 1688 611 1750 inopinave
623 1687 722 1749 surgit;

56 1780 105 1824 105
126 1777 214 1824 omnia
225 1777 344 1839 praecepi
358 1784 435 1840 etque
449 1777 536 1826 animo
549 1791 650 1825 mecum
663 1782 723 1824 aute
735 1775 832 1838 peregi.

123 1879 205 1912 unum
218 1879 279 1913 oro:
302 1867 406 1928 quando
419 1867 462 1916 hic
475 1867 568 1915 inferni
581 1866 661 1915 ianua
673 1865 741 1927 regis

125 1953 219 2001 dicitur
231 1960 256 2002 et
268 1954 405 2002 tenebrosa
418 1956 492 2018 palus
505 1956 654 2004 Acheronte
666 1954 762 2013 refuso,

124 2041 162 2090 ire
175 2042 207 2090 ad
221 2051 388 2105 conspectum
401 2045 453 2093 cari
467 2045 591 2106 genitoris
604 2051 629 2093 et
642 2059 688 2092 ora

125 2132 275 2193 contingam
296 2132 389 2180 doceas
402 2133 451 2181 iter
463 2141 489 2182 et
500 2149 575 2183 sacra
588 2134 654 2182 ostia
666 2134 775 2196 pandas.

55 2224 105 2267 110
124 2220 200 2267 illum
213 2234 262 2281 ego
275 2235 321 2282 per
333 2221 449 2270 flammas
463 2229 488 2271 et
500 2223 572 2271 mille
584 2222 720 2285 sequentia
732 2222 784 2271 tela

124 2308 206 2371 eripui
220 2309 260 2356 his
272 2310 366 2358 umeris
379 2311 517 2372 medioque
530 2326 563 2360 ex
574 2312 648 2360 hoste
661 2311 755 2374 recepi,

124 2397 169 2445 ille
182 2412 268 2445 meum
281 2399 417 2447 comitatus
431 2401 479 2448 iter
491 2400 573 2448 maria
586 2400 675 2448 omnia
686 2414 787 2447 mecum

124 2493 202 2548 atque
215 2487 298 2534 omnis
312 2488 449 2550 pelagique
462 2487 545 2537 minas
560 2489 677 2551 caelique
689 2487 796 2547 ferebat,

124 2575 262 2633 invalidus,
278 2575 343 2623 vires
355 2576 425 2625 ultra
437 2583 585 2640 sortemque
598 2584 725 2626 senectae.

54 2668 103 2711 115
124 2663 187 2726 quin
202 2670 230 2710 ut
241 2669 266 2712 te
277 2665 389 2728 supplex
401 2671 516 2730 peterem
529 2674 556 2717 et
567 2673 616 2717 tua
623 2665 725 2715 limina
735 2664 845 2713 amram
