1816 2956
87 152 148 199 328
325 162 351 200 P.
368 160 489 199 vunnim
510 160 641 201 uriuoms

85 323 136 366 220
155 319 320 380 gandetum,
337 332 383 364 rex
395 318 450 380 ipse
463 317 529 364 lovis
543 318 574 365 de
587 325 663 379 gente
676 331 808 380 suprema,

156 407 250 455 Troius
264 409 374 464 Aeneas,
391 413 435 454 tua
447 421 494 453 nos
508 406 539 452 ad
555 405 644 454 limina
657 406 734 453 misit.

156 504 254 559 quantu
266 510 312 558 por
323 495 416 542 Idaeos
428 495 509 543 saevis
523 494 605 541 ell'usa
616 495 731 556 Mycenis

156 591 295 648 tempestus
307 584 365 632 ierit
378 598 492 645 campos,
508 583 601 644 quibus
614 590 686 631 actus
699 591 810 646 uterque

154 675 274 736 Europae
287 679 365 734 utque
379 671 458 720 Asiae
470 671 529 718 fatis
543 673 701 720 concurrerit
713 672 793 731 orbiu

84 769 135 812 225
155 763 238 811 audiit
250 769 276 810 et
287 762 389 823 siquem
402 761 479 808 tellus
492 761 607 808 extrema
620 761 705 807 refuso

155 852 289 901 submovet
302 848 407 898 Oceano
420 855 447 896 et
459 848 558 911 siquem
572 856 675 897 extenta
687 849 829 911 plagarum

155 948 277 1004 quattuor
289 939 316 986 iu
328 938 415 985 medio
429 938 526 985 dirimit
539 938 617 999 plaga
631 935 699 985 Solis
712 937 808 1000 iniqui.

156 1029 252 1077 diluvio
266 1043 298 1077 ex
310 1027 357 1075 illo
371 1033 409 1074 tot
421 1033 492 1072 vasta
504 1041 549 1088 per
562 1041 676 1088 aequora
688 1026 753 1074 vecti

156 1119 195 1166 dis
209 1117 296 1165 sedem
308 1116 430 1177 exiguam
444 1115 532 1177 patriis
546 1115 658 1176 litusque
671 1129 794 1176 rogamus

85 1214 136 1257 230
155 1207 296 1254 innocuom
302 1211 326 1252 et
334 1204 431 1252 cunctis
440 1205 587 1266 undamque
594 1219 736 1265 auramque
743 1210 887 1266 patentem.

155 1311 208 1343 nou
222 1295 316 1343 erimus
330 1307 410 1354 regno
423 1293 557 1340 indecores
571 1307 618 1340 nec
631 1300 715 1340 restra
727 1292 827 1341 feretur

156 1385 226 1433 fama
238 1383 300 1432 levis
314 1382 430 1443 tantique
443 1381 573 1429 abolescet
585 1383 669 1443 gratia
681 1381 741 1429 faeti

156 1488 204 1523 nec
216 1473 322 1519 Troiam
335 1471 466 1518 Ausonios
479 1470 577 1530 gremio
591 1470 722 1532 excepisse
735 1470 846 1532 pigebit.

156 1563 209 1612 l'atu
223 1577 268 1624 per
280 1561 385 1608 Aeneae
398 1560 455 1605 iuro
470 1559 638 1621 dextramque
652 1565 785 1622 potentem

87 1657 136 1699 235
157 1652 208 1699 sive
222 1652 271 1698 lide
285 1664 329 1697 seu
344 1648 400 1710 quis
414 1647 482 1694 bello
497 1656 535 1695 est
548 1657 666 1710 expertus
681 1656 705 1695 et
718 1649 806 1705 armis,

157 1739 231 1786 multi
245 1754 292 1786 nos
305 1738 404 1802 populi,
420 1739 517 1786 multae
530 1737 575 1799 (ne
588 1746 681 1793 temne,
698 1738 767 1798 quod
783 1739 854 1786 ultro

158 1829 324 1891 praeferimus
338 1827 456 1876 manibus
470 1827 544 1874 vittas
557 1842 587 1873 ac
601 1825 677 1872 verba
690 1827 838 1888 precantia)

158 1925 183 1965 ct
195 1917 290 1979 petiere
303 1919 352 1966 sibi
366 1926 391 1966 et
403 1918 505 1964 voluere
519 1916 660 1975 adiungere
673 1922 780 1975 gentes3

158 2006 202 2052 sed
216 2020 264 2053 uos
277 2006 329 2054 feta
343 2008 418 2055 deum
432 2014 526 2053 vestras
541 2004 674 2066 exquirere
688 2010 767 2050 terras

88 2102 139 2143 240
159 2095 272 2157 imperiis
285 2110 361 2157 egere
374 2096 434 2143 suis.
463 2095 523 2142 hinc
536 2093 673 2139 Dardanus
687 2099 767 2148 ortus,

158 2184 209 2232 huc
221 2185 314 2246 repetit
326 2185 454 2246 iussisque
467 2182 613 2242 ingentibus
628 2189 719 2241 urguet
732 2181 832 2242 Apollo

159 2273 320 2335 Tyrrhenum
337 2274 370 2322 ad
384 2272 509 2335 Thybrim
527 2280 552 2319 et
570 2271 648 2318 sontis
666 2270 731 2318 vada
749 2284 825 2318 saera
839 2271 892 2319 Nu·

461 2361 529 2408 mici.

160 2452 204 2500 dat
216 2451 261 2498 tibi
276 2457 408 2513 praeterea
420 2449 538 2497 fortunae
551 2463 629 2511 parva
642 2446 734 2510 prioris

160 2554 275 2597 munera,
291 2539 414 2601 reliquias
427 2539 507 2587 Troia
521 2553 553 2586 ex
566 2539 670 2586 ardente
684 2543 809 2597 receptas.

85 2634 139 2676 245
158 2628 209 2676 hor
219 2634 295 2690 pater
307 2627 434 2675 Anchises
448 2642 511 2676 auro
525 2626 624 2674 libabat
636 2626 667 2674 ad
682 2639 756 2684 ares;
