1816 2956
294 199 442 240 autumnos
458 201 545 239 meaa
561 201 613 238 vn.
792 189 852 237 325

125 359 238 406 intonuit
250 358 380 420 radiisque
394 359 525 406 ardentem
539 357 605 405 lucis
620 363 644 405 et
657 370 720 404 auro

124 449 180 511 ipse
193 463 272 495 manu
285 447 404 510 quatiens
418 447 531 494 ostendit
543 446 575 494 ab
590 446 691 494 aethere
704 444 809 494 nubem.

124 537 221 585 diditur
233 536 275 584 hic
289 535 373 583 subito
387 535 502 584 Troiana
515 550 560 598 pcr
573 536 679 597 agmina
691 549 788 593 rumor,

56 632 104 674 145
125 625 259 673 advenisse
272 624 340 671 diem
354 639 406 686 quo
420 624 507 673 debita
519 624 623 673 moenia
637 624 758 672 condant.

124 715 241 763 certatim
254 713 400 760 instaurant
413 714 502 776 epulas
516 719 592 774 atque
607 713 693 760 omine
705 726 801 774 magno

126 810 238 852 crateras
253 801 314 850 laeti
328 808 443 849 statuent
456 809 481 849 et
493 802 552 849 vina
565 808 699 850 coronant.

160 893 267 940 Postera
281 905 339 938 cum
354 890 436 952 prima
449 890 576 938 lustrabat
589 889 709 952 lampade
722 897 803 938 terras

125 988 181 1029 ortu
196 981 259 1038 dies,
274 979 365 1028 urbem
379 987 404 1027 et
416 979 479 1027 fines
493 987 519 1026 ct
530 980 609 1027 litora
620 979 704 1040 gentis

56 1075 104 1117 150
125 1069 217 1117 diversi
231 1069 383 1130 explorant;
405 1068 469 1116 hacc
482 1067 560 1115 fontis
574 1074 666 1128 stagna
678 1066 790 1125 Numici,

125 1158 193 1205 hunc
201 1156 325 1219 Thybrim
338 1157 452 1215 fluvium,
467 1157 509 1205 hic
522 1155 595 1203 fortis
609 1156 726 1205 habitare
736 1154 853 1203 Latinos.

125 1254 177 1293 turn
192 1254 262 1294 satus
275 1246 393 1294 Anchisa
406 1247 518 1294 delectos
533 1245 623 1293 ordine
636 1245 669 1294 ab
683 1244 753 1292 omni

125 1343 227 1384 centum
241 1343 355 1383 oratores
368 1343 479 1396 augusta
491 1335 523 1382 ad
538 1335 641 1382 moenia
653 1333 721 1395 regis

123 1425 161 1474 ire
173 1425 253 1483 iubet,
269 1425 347 1472 ramis
360 1425 457 1472 velatos
470 1423 586 1473 Palladis
600 1424 693 1482 omnis,

56 1518 103 1561 155
125 1514 245 1576 donaque
259 1513 324 1562 serre
337 1514 391 1560 viro
405 1527 547 1575 pacemque
561 1526 700 1575 exposcere
712 1510 829 1559 Teucris.

124 1603 193 1650 haud
208 1617 289 1660 mora,
306 1602 429 1650 festinant
440 1602 502 1649 iussi
516 1601 664 1665 rapidisque
677 1601 795 1649 seruntur

125 1691 251 1754 passibus.
280 1691 335 1753 ipse
347 1691 440 1738 humili
454 1691 573 1751 designat
585 1689 688 1737 moenia
700 1689 770 1737 fossa

124 1780 280 1841 moliturque
295 1780 380 1827 locum
394 1779 541 1841 primasque
555 1779 580 1825 in
595 1778 670 1826 litore
683 1778 756 1826 sedes

125 1874 268 1915 castrorum
282 1868 308 1914 in
322 1882 420 1916 morem
433 1867 519 1929 pinnis
534 1875 611 1928 atque
624 1881 719 1929 aggere
733 1867 824 1929 cingit.

55 1961 104 2003 160
124 1956 228 2017 iamque
242 1956 290 2003 iter
303 1957 398 2004 emensi
413 1955 489 2003 turris
503 1970 533 2002 ac
546 1962 613 2004 tecta
626 1950 781 2004 Latinorum

125 2045 206 2092 ardua
219 2045 359 2092 cernebant
371 2045 475 2092 iuvenes
488 2059 614 2107 muroque
627 2043 758 2093 subibant.

124 2142 183 2182 ante
197 2134 287 2182 urbem
300 2134 372 2197 pueri
387 2141 412 2182 et
424 2134 554 2196 primaevo
567 2134 630 2183 flore
643 2135 761 2182 iuventus

125 2231 276 2272 exercentur
289 2223 362 2286 equis
376 2223 555 2285 domitantque
567 2223 594 2270 in
608 2225 712 2286 pulvere
726 2239 815 2272 currus

124 2320 169 2360 aut
181 2313 247 2360 acris
261 2313 370 2361 tendunt
382 2327 457 2361 arcus
471 2318 515 2360 aut
528 2313 597 2361 lenta
611 2313 713 2362 lacertis

55 2406 103 2449 165
124 2402 224 2463 spicula
235 2409 407 2464 contorquent
420 2415 547 2463 cursuque
559 2401 664 2464 ictuque
677 2404 816 2462 lacessunt,

124 2505 183 2537 curn
196 2498 346 2553 praevectus
359 2504 426 2552 equo
440 2490 559 2552 longaevi
573 2491 641 2553 regis
655 2492 686 2539 ad
701 2491 770 2540 auris

124 2580 228 2626 nuntius
242 2579 353 2640 ingentis
366 2579 457 2640 ignota
468 2578 496 2625 in
509 2587 577 2628 veste
590 2585 705 2642 reportat

124 2668 257 2716 advenisse
269 2669 345 2715 viros.
373 2668 418 2716 illc
430 2668 499 2716 intra
511 2675 582 2718 tecta
591 2667 686 2716 uocari
