1816 2956
299 317 447 359 autumnos
466 318 555 359 LIBER
571 318 615 359 XI·
792 310 854 359 488

128 476 172 524 sed
186 477 260 525 laxos
273 476 387 524 referunt
399 477 494 525 umeris
508 476 689 539 languentibus
703 490 777 526 arcus

58 568 90 612 87
96 569 109 611 5
130 566 378 628 quadrupedumque
391 573 492 628 putrem
502 580 578 614 cursu
589 566 672 628 quatit
682 565 781 628 ungula
788 581 857 615 eam·

429 669 499 717 pum.

119 743 238 798 *volvitur
251 743 283 789 ad
297 757 383 790 numos
397 743 508 804 caligine
521 742 637 790 turbidus
650 751 707 790 atra

128 831 211 893 pulvis
225 839 250 878 et
263 845 276 878 e
289 831 400 893 speculis
414 846 550 893 percussae
562 839 667 893 pectora
679 839 772 879 matres

129 919 267 967 femineum
282 920 421 967 clamorem
435 921 467 967 ad
482 921 546 968 caeli
560 920 645 967 sidera
658 919 760 966 tollunt.

129 1008 172 1068 qui
188 1022 263 1054 cursu
277 1014 364 1068 portas
378 1007 453 1069 primi
467 1009 587 1071 inrupere
600 1008 719 1070 patentis,

57 1099 109 1142 880
129 1095 175 1141 hos
189 1096 294 1143 inimica
308 1110 384 1157 super
397 1097 477 1143 mixto
491 1098 584 1159 premit
596 1096 699 1157 agmine
712 1095 796 1154 utiba,

130 1197 176 1230 nec
189 1183 309 1230 miserum
323 1183 449 1244 effugiunt
460 1192 577 1243 mortem,
594 1185 638 1233 sed
652 1184 740 1232 limine
749 1184 776 1231 in
787 1183 853 1246 ipso,

128 1271 263 1318 moenibus
276 1271 302 1317 in
316 1272 406 1333 patriis
419 1279 497 1335 atque
509 1273 577 1321 intra
589 1280 644 1321 tuta
658 1274 793 1321 domorum

129 1360 223 1406 confixi
238 1360 357 1422 expirant
369 1360 477 1408 animas.
504 1376 564 1424 pars
578 1363 697 1410 claudere
709 1368 806 1424 portas,

129 1463 176 1496 nec
189 1449 265 1497 sociis
280 1449 379 1511 aperire
391 1449 459 1497 viam
472 1464 519 1498 nec
532 1449 777 1498 moenibus-audent

58 1543 108 1585 885
129 1537 245 1599 accipere
259 1545 371 1597 orantes,
387 1539 519 1601 oriturque
532 1539 675 1586 miserrima
688 1538 778 1586 caedes

128 1626 310 1675 defendentum
324 1627 401 1674 armis
415 1628 498 1674 aditus
511 1627 590 1690 inque
604 1641 676 1675 arma
689 1634 816 1674 ruentum.

127 1715 224 1762 exclusi
241 1724 300 1765 ante
314 1717 402 1776 oculos
417 1716 648 1777 lacrimantumque
661 1730 706 1764 ora
719 1722 855 1778 parentum

126 1818 185 1864 pars
198 1803 225 1849 in
238 1805 385 1867 praecipitis
399 1805 480 1852 fossas
494 1813 619 1866 urguente
632 1803 708 1850 ruina

127 1891 245 1949 volvitur,
260 1893 372 1940 inmissis
385 1907 444 1954 pars
458 1907 535 1940 caeca
548 1901 573 1940 et
585 1892 687 1940 concita
699 1891 777 1939 frenis

56 1983 107 2026 890
128 1979 220 2025 arietat
232 1980 259 2025 in
272 1988 360 2043 portas
373 1989 398 2027 et
411 1981 488 2027 duros
502 1980 575 2028 obice
589 1979 678 2042 postis.

128 2067 199 2128 ipsae
213 2068 244 2114 dc
257 2068 336 2114 muris
350 2083 450 2114 summo
464 2069 603 2116 certamine
619 2074 713 2116 matres

128 2155 268 2216 (monstrat
280 2171 353 2203 amor
362 2171 434 2203 verus
443 2156 561 2219 patriae),
577 2163 605 2204 ut
612 2156 697 2205 videre
705 2155 853 2215 Camillam,

129 2245 180 2291 tela
193 2259 272 2292 manu
286 2246 400 2306 trepidae
413 2245 511 2292 iaciunt
523 2261 553 2293 ac
566 2245 659 2293 robore
672 2246 737 2293 duro

129 2333 259 2394 stipitibus
272 2334 365 2381 ferrum
381 2333 538 2395 sudibusque
551 2334 684 2382 imitantur
697 2335 794 2382 obustis

59 2427 109 2468 895
129 2421 282 2484 praecipites
300 2422 449 2484 primaeque
462 2423 526 2469 mori
541 2437 586 2484 pro
600 2423 734 2470 moenibus
748 2423 852 2472 audent.

164 2510 266 2558 Interea
278 2510 394 2558 Turnum
407 2511 434 2557 in
447 2510 516 2558 silvis
530 2512 691 2559 saevissimus
705 2512 787 2574 inplet

129 2598 233 2645 nuntius
247 2604 272 2645 et
285 2599 368 2646 iuveni
382 2599 513 2659 ingentem
527 2598 575 2646 sert
587 2600 658 2647 Acca
671 2600 818 2658 tumultum,

130 2687 226 2734 deletas
239 2687 394 2734 Volscorum
407 2687 485 2748 acies,
501 2687 629 2737 cecidisse
640 2686 805 2739 Carnulum„

120 2775 242 2834 ingr-uere
254 2776 372 2826 infensos
387 2778 475 2829 hostis
489 2788 516 2831 et
527 2779 623 2829 Marte
636 2773 764 2874 secundo

672 2857 722 2902 M
