1816 2956
297 201 323 239 Ρ.
340 197 462 239 VERGILI
479 198 609 238 MARONIS

128 367 153 406 et
164 357 266 420 penitus
280 363 334 404 toto
348 356 443 404 divisos
457 356 518 404 orbe
529 356 678 403 Britannos.

128 461 160 494 en
173 461 296 509 umquam
310 446 407 508 patrios
420 446 500 506 longo
513 453 572 508 post
584 453 699 508 tempore
712 446 752 492 fin:

128 534 247 597 pauperis
261 541 286 582 et
298 534 384 595 tuguri
398 539 548 594 congestum
561 534 672 596 caespite
685 534 752 581 culm

128 631 187 686 post
200 624 308 685 aliquot,
324 638 382 671 mea
394 638 474 685 regna
486 623 584 681 videns,
600 621 714 670 mirabor
728 639 752 670 a}

77 716 108 760 70
128 712 222 773 impius
235 713 300 760 hoec
312 718 366 760 tom
380 714 449 760 culta
462 712 566 759 novalia
578 711 651 758 miles
665 711 750 759 habeb

128 799 251 848 barbarus
264 800 311 848 hos
325 809 432 862 segetes.
461 815 493 848 en
506 815 558 861 quo
573 800 704 847 discordia
717 799 752 847 cii

126 889 250 950 produxit
262 889 384 937 miserost
405 889 445 936 his
458 903 505 935 nos
519 889 679 936 consevimus
694 902 752 949 ogr<

126 977 300 1037 inseremus,
316 977 453 1036 Meliboee,
469 977 547 1040 piros,
563 992 631 1039 ponc
644 977 736 1025 ordine
751 995 752 1001 ¹

127 1065 162 1114 ito
174 1081 256 1124 meae,
272 1067 405 1129 quondam
417 1067 480 1114 felix
491 1080 578 1129 pecus,
594 1066 629 1113 ite
642 1065 752 1128 capella<

79 1157 110 1203 75
130 1168 183 1202 non
196 1169 244 1216 ego
257 1170 301 1202 vos
315 1155 422 1218 posthoc
434 1155 509 1202 viridi
523 1154 651 1216 proiectus
664 1153 692 1199 in
708 1162 752 1202 ont

128 1243 237 1290 dumoso
250 1245 362 1306 pendere
374 1244 466 1305 procul
480 1244 512 1291 de
525 1257 588 1304 rupe
600 1243 692 1290 videbo
704 1259 709 1300 ;

128 1333 243 1379 carmina
255 1333 329 1380 nulla
341 1347 448 1390 canam3
462 1346 515 1378 non
528 1346 569 1378 me
580 1338 710 1392 pascente,
727 1346 752 1378 cs

128 1419 261 1483 florentem
274 1421 383 1482 cytisum
396 1428 421 1468 et
433 1420 524 1468 salices
537 1420 646 1482 coi-petis
660 1434 752 1466 amoro

127 1523 150 1555 τ.
172 1507 221 1556 Hic
245 1516 331 1558 tamen
354 1510 421 1557 hanc
445 1523 546 1556 mecum
569 1514 671 1570 poteras
692 1522 752 1570 requ

427 1605 531 1646 noctem

75 1689 108 1732 80
128 1684 220 1733 fronde
233 1700 310 1748 super
322 1686 413 1733 viridi:
435 1692 495 1733 sunt
507 1684 581 1732 nobis
594 1685 667 1731 mitia
680 1700 752 1746 pomo

103 1768 105 1772 '
129 1775 368 1822 castaneec'molles
382 1781 407 1822 et
419 1774 500 1836 pressi
514 1774 590 1836 copia
602 1773 692 1832 lactis3

128 1871 153 1910 et
165 1862 217 1910 iam
230 1877 331 1909 summo
343 1864 433 1924 procul
446 1862 566 1911 villarum
580 1863 693 1910 culmina
705 1861 752 1910 fun

128 1951 290 2012 maioresque
303 1951 399 1998 cadunt
411 1951 469 1999 altis
483 1951 515 1998 de
528 1951 657 1998 montibus
671 1950 752 1998 umbri
