1816 2956
71 172 129 219 462
309 181 335 220 Ρ.
352 180 474 219 vnafflm
490 179 621 219 MARONIS

140 353 186 386 seu
198 337 284 400 plures
298 336 419 399 conplere
431 337 531 384 valent:
547 336 614 384 iacet
626 337 711 385 omnis
724 339 760 386 ad
773 339 872 389 undam

139 425 274 482 materies3
292 425 341 488 ipsi
356 439 542 487 numerumque
555 425 713 488 modumque
727 427 826 476 carinis

139 513 309 577 praecipiant,
325 527 456 571 nossem,
470 527 572 572 manus,
586 513 691 562 navalia
704 514 808 564 demus.

69 607 120 650 330
140 608 272 664 praeterea
286 602 331 664 qui
345 602 414 650 dicte
425 601 510 650 ierant
523 609 548 649 et
560 601 665 650 foedera
678 603 785 652 firment

140 696 243 738 centum
256 698 370 738 oratores
384 691 467 753 prima
480 690 511 738 de
523 698 600 751 gente
614 690 721 738 Latinos

117 770 120 776 ’
139 779 176 827 ire
188 779 274 840 placet
286 779 409 841 pacisque
421 792 500 826 manu
513 779 681 841 praetendere
694 794 794 840 ramos,

139 881 247 914 munera
259 867 385 929 portantis
398 867 507 928 aurique
520 867 656 929 eborisque
669 868 772 915 talenta

140 963 164 1004 et
177 955 268 1003 sellam
281 955 353 1016 regui
366 955 534 1017 trabeamque
546 956 659 1017 insignia
672 957 768 1004 nostri.

69 1049 119 1090 335
140 1044 266 1092 consulite
279 1044 306 1090 iu
319 1043 432 1091 medium
446 1051 471 1092 et
483 1044 558 1092 robus
571 1045 712 1092 succurrite
726 1038 825 1094 fessis?
904 1056 907 1081 ³

174 1132 242 1179 Tum
249 1132 374 1190 Drances
390 1132 458 1180 idem
471 1132 595 1191 infensus,
608 1147 685 1194 quem
695 1133 785 1194 gloria
792 1134 871 1182 Turni
903 1086 907 1183 i

140 1220 247 1282 obliqua
259 1221 356 1268 invidia
369 1221 530 1282 stimulisque
543 1220 658 1282 agitabat
673 1221 782 1281 amaris,

139 1309 227 1370 largus
241 1324 319 1371 opum
333 1316 358 1356 et
370 1309 460 1370 lingua
472 1309 572 1366 melior,
588 1308 632 1356 sed
645 1307 744 1369 frigida
757 1309 830 1359 bello

139 1398 253 1455 dextera,
273 1397 388 1445 consiliis
402 1396 504 1444 babitus
517 1411 569 1445 nou
583 1397 664 1444 futilis
678 1405 782 1458 auctor,

69 1490 119 1532 340
139 1486 265 1534 seditione
278 1493 369 1548 potens
383 1485 477 1546 <genus
491 1485 551 1532 huic
564 1492 681 1532 materna
693 1487 839 1548 superbum
904 1510 907 1523 =

138 1573 261 1621 nobilitas
275 1573 361 1631 dabat,
376 1573 503 1620 incertum
517 1573 548 1620 de
560 1580 633 1634 patre
646 1572 770 1637 ferebat),

139 1663 221 1723 surgit
234 1670 258 1710 et
271 1663 310 1709 his
324 1670 415 1709 onerat
428 1662 502 1709 dictis
517 1671 594 1722 etque
607 1668 716 1721 aggerat
728 1662 795 1711 iras.

138 1751 201 1798 ‘rem
214 1751 278 1798 nulli
292 1751 438 1808 obscuram,
454 1757 557 1797 nostrae
571 1763 618 1796 nec
631 1749 700 1796 vocis
715 1761 848 1811 egentem,

139 1840 262 1897 consulis,
278 1855 292 1886 o
307 1839 444 1886 bouerex:
467 1839 552 1886 cuncti
566 1852 593 1885 se
605 1838 671 1885 scire
684 1837 803 1888 fatentur

68 1932 118 1974 345
139 1927 201 1988 quid
215 1927 318 1974 fortuna
332 1927 396 1975 ferat
409 1928 508 1989 populi,
523 1926 567 1974 sed
582 1926 665 1973 dicere
679 1937 810 1977 mussant.

139 2017 182 2063 det
194 2014 337 2062 libertatem
350 2015 421 2062 sandi
435 2015 561 2075 flatusque
574 2013 687 2061 remittat

139 2104 211 2151 cuius
225 2102 257 2149 ob
271 2103 415 2164 auspicium
428 2103 568 2151 infaustum
580 2116 717 2162 moresque
733 2104 858 2154 sinistros

140 2191 236 2253 (dicam
256 2191 391 2252 equidem,
412 2191 473 2239 licet
486 2205 558 2239 arma
570 2190 632 2237 mihi
646 2199 816 2255 mortemque
830 2196 876 2242 mi·

440 2279 526 2341 netur)

139 2367 238 2415 lumina
251 2374 288 2414 tot
301 2366 423 2414 cecidisse
436 2367 531 2415 ducum
544 2373 676 2428 totamque
689 2367 813 2420 videmus

65 2459 119 2504 350
139 2455 286 2505 consedisse
299 2454 388 2502 urbem
402 2455 482 2513 luctu,
499 2456 560 2501 dum
573 2455 652 2502 Troia
664 2463 780 2517 temptat

131 2558 231 2612 castra,
249 2548 331 2615 fugae
344 2545 439 2602 tideus,
453 2550 480 2591 et
491 2543 594 2589 caetum
602 2543 703 2586 termut
711 2546 803 2592 umis,

431 2633 492 2680 'rutis
506 2642 576 2689 quae
586 2625 703 2685 qbur'imu
709 2624 782 2667 mnu

124 2660 215 2697 unum
231 2644 320 2697 etiarn
337 2637 419 2688 donis
