<?xml version="1.0" encoding="UTF-8"?>
<!DOCTYPE html PUBLIC "-//W3C//DTD XHTML 1.0 Transitional//EN"
    "http://www.w3.org/TR/xhtml1/DTD/xhtml1-transitional.dtd">
<html xmlns="http://www.w3.org/1999/xhtml" xml:lang="en" lang="en">
 <head>
  <title>
</title>
<meta http-equiv="Content-Type" content="text/html;charset=utf-8" />
  <meta name='ocr-system' content='tesseract 3.04.00' />
  <meta name='ocr-capabilities' content='ocr_page ocr_carea ocr_par ocr_line ocrx_word'/>
</head>
<body>
  <div class='ocr_page' id='page_1' title='image "./pvergiliusmaro01virggoog_0079.png"; bbox 0 0 1816 2956; ppageno 0'>
   <div class='ocr_carea' id='block_1_1' title="bbox 311 187 627 228">
    <p class='ocr_par' dir='ltr' id='par_1_1' title="bbox 311 187 627 228">
     <span class='ocr_line' id='line_1_1' title="bbox 311 187 627 228; baseline 0.009 -3"><span class='ocrx_word' id='word_1_1' title='bbox 311 187 337 226; x_wconf 84' lang='grc' dir='ltr'>Ρ.</span> <span class='ocrx_word' id='word_1_2' title='bbox 354 187 475 226; x_wconf 76' lang='lat' dir='ltr'>VERGILI</span> <span class='ocrx_word' id='word_1_3' title='bbox 496 188 627 228; x_wconf 66' lang='lat' dir='ltr'>Mauortis</span> 
     </span>
    </p>
   </div>
   <div class='ocr_carea' id='block_1_2' title="bbox 62 343 869 2015">
    <p class='ocr_par' dir='ltr' id='par_1_2' title="bbox 62 343 869 2015">
     <span class='ocr_line' id='line_1_2' title="bbox 139 343 720 407; baseline 0.007 -15"><span class='ocrx_word' id='word_1_4' title='bbox 139 345 217 392; x_wconf 88' lang='lat' dir='ltr'>talem</span> <span class='ocrx_word' id='word_1_5' title='bbox 231 344 300 392; x_wconf 79' lang='lat' dir='ltr'>dives</span> <span class='ocrx_word' id='word_1_6' title='bbox 314 353 370 392; x_wconf 89' lang='lat' dir='ltr'>arat</span> <span class='ocrx_word' id='word_1_7' title='bbox 383 343 474 407; x_wconf 81' lang='lat' dir='ltr'>Capua</span> <span class='ocrx_word' id='word_1_8' title='bbox 487 353 512 393; x_wconf 89' lang='lat' dir='ltr'>ct</span> <span class='ocrx_word' id='word_1_9' title='bbox 524 346 608 395; x_wconf 79' lang='lat' dir='ltr'>vicina</span> <span class='ocrx_word' id='word_1_10' title='bbox 622 347 720 397; x_wconf 83' lang='lat' dir='ltr'>Vesevo</span> 
     </span>
     <span class='ocr_line' id='line_1_3' title="bbox 68 432 825 499; baseline 0.005 -19"><span class='ocrx_word' id='word_1_11' title='bbox 68 437 117 480; x_wconf 77' lang='lat'>225</span> <span class='ocrx_word' id='word_1_12' title='bbox 138 448 184 481; x_wconf 87' lang='lat' dir='ltr'>ora</span> <span class='ocrx_word' id='word_1_13' title='bbox 196 433 260 494; x_wconf 88' lang='lat' dir='ltr'>iugo</span> <span class='ocrx_word' id='word_1_14' title='bbox 272 441 298 482; x_wconf 88' lang='lat' dir='ltr'>et</span> <span class='ocrx_word' id='word_1_15' title='bbox 309 434 397 482; x_wconf 61' lang='lat' dir='ltr'>tracuis</span> <span class='ocrx_word' id='word_1_16' title='bbox 411 432 519 482; x_wconf 86' lang='lat' dir='ltr'>Clanius</span> <span class='ocrx_word' id='word_1_17' title='bbox 532 450 585 484; x_wconf 91' lang='lat' dir='ltr'>uon</span> <span class='ocrx_word' id='word_1_18' title='bbox 599 451 696 499; x_wconf 87' lang='lat' dir='ltr'>aequos</span> <span class='ocrx_word' id='word_1_19' title='bbox 710 437 825 486; x_wconf 84' lang='lat' dir='ltr'>Acerris.</span> 
     </span>
     <span class='ocr_line' id='line_1_4' title="bbox 173 521 869 588; baseline 0.007 -18"><span class='ocrx_word' id='word_1_20' title='bbox 173 521 248 571; x_wconf 85' lang='lat' dir='ltr'>Nunc</span> <span class='ocrx_word' id='word_1_21' title='bbox 271 538 323 585; x_wconf 91' lang='lat' dir='ltr'>quo</span> <span class='ocrx_word' id='word_1_22' title='bbox 346 538 475 586; x_wconf 85' lang='lat' dir='ltr'>quamque</span> <span class='ocrx_word' id='word_1_23' title='bbox 499 525 578 572; x_wconf 91' lang='lat' dir='ltr'>modo</span> <span class='ocrx_word' id='word_1_24' title='bbox 602 525 685 588; x_wconf 88' lang='lat' dir='ltr'>possis</span> <span class='ocrx_word' id='word_1_25' title='bbox 712 541 869 588; x_wconf 81' lang='lat' dir='ltr'>cognoscere</span> 
     </span>
     <span class='ocr_line' id='line_1_5' title="bbox 440 613 534 661; baseline 0 -1"><span class='ocrx_word' id='word_1_26' title='bbox 440 613 534 661; x_wconf 88' lang='lat' dir='ltr'>dicam.</span> 
     </span>
     <span class='ocr_line' id='line_1_6' title="bbox 137 702 744 765; baseline 0.007 -17"><span class='ocrx_word' id='word_1_27' title='bbox 137 716 196 748; x_wconf 87' lang='lat' dir='ltr'>rara</span> <span class='ocrx_word' id='word_1_28' title='bbox 208 702 242 749; x_wconf 88' lang='lat' dir='ltr'>sit</span> <span class='ocrx_word' id='word_1_29' title='bbox 254 717 287 749; x_wconf 87' lang='lat' dir='ltr'>an</span> <span class='ocrx_word' id='word_1_30' title='bbox 301 717 378 764; x_wconf 88' lang='lat' dir='ltr'>supra</span> <span class='ocrx_word' id='word_1_31' title='bbox 390 717 489 750; x_wconf 88' lang='lat' dir='ltr'>morem</span> <span class='ocrx_word' id='word_1_32' title='bbox 502 702 523 750; x_wconf 87' lang='lat' dir='ltr'>si</span> <span class='ocrx_word' id='word_1_33' title='bbox 537 703 616 750; x_wconf 86' lang='lat' dir='ltr'>densa</span> <span class='ocrx_word' id='word_1_34' title='bbox 629 704 744 765; x_wconf 84' lang='lat' dir='ltr'><strong>requires</strong></span> 
     </span>
     <span class='ocr_line' id='line_1_7' title="bbox 137 790 831 854; baseline 0.006 -16"><span class='ocrx_word' id='word_1_35' title='bbox 137 790 230 853; x_wconf 87' lang='lat' dir='ltr'>(altera</span> <span class='ocrx_word' id='word_1_36' title='bbox 242 791 376 840; x_wconf 85' lang='lat' dir='ltr'>frumentis</span> <span class='ocrx_word' id='word_1_37' title='bbox 391 792 515 854; x_wconf 88' lang='lat' dir='ltr'>quoniam</span> <span class='ocrx_word' id='word_1_38' title='bbox 529 792 603 852; x_wconf 82' lang='lat' dir='ltr'>favet,</span> <span class='ocrx_word' id='word_1_39' title='bbox 620 793 702 841; x_wconf 88' lang='lat' dir='ltr'>altera</span> <span class='ocrx_word' id='word_1_40' title='bbox 714 793 831 854; x_wconf 87' lang='lat' dir='ltr'>Baccho,</span> 
     </span>
     <span class='ocr_line' id='line_1_8' title="bbox 137 879 824 946; baseline 0.007 -20"><span class='ocrx_word' id='word_1_41' title='bbox 137 880 216 929; x_wconf 85' lang='lat' dir='ltr'>densa</span> <span class='ocrx_word' id='word_1_42' title='bbox 229 881 311 942; x_wconf 84' lang='lat' dir='ltr'>magis</span> <span class='ocrx_word' id='word_1_43' title='bbox 326 879 422 939; x_wconf 83' lang='lat' dir='ltr'>Cereri,</span> <span class='ocrx_word' id='word_1_44' title='bbox 437 881 569 929; x_wconf 88' lang='lat' dir='ltr'>rarissima</span> <span class='ocrx_word' id='word_1_45' title='bbox 582 897 700 944; x_wconf 90' lang='lat' dir='ltr'>quaeque</span> <span class='ocrx_word' id='word_1_46' title='bbox 714 882 824 946; x_wconf 83' lang='lat' dir='ltr'>Lyaeo),</span> 
     </span>
     <span class='ocr_line' id='line_1_9' title="bbox 67 970 719 1033; baseline 0.005 -17"><span class='ocrx_word' id='word_1_47' title='bbox 67 974 118 1017; x_wconf 79' lang='lat'>230</span> <span class='ocrx_word' id='word_1_48' title='bbox 137 977 196 1017; x_wconf 86' lang='lat' dir='ltr'>ante</span> <span class='ocrx_word' id='word_1_49' title='bbox 209 970 295 1018; x_wconf 90' lang='lat' dir='ltr'>locum</span> <span class='ocrx_word' id='word_1_50' title='bbox 309 971 394 1032; x_wconf 87' lang='lat' dir='ltr'>capies</span> <span class='ocrx_word' id='word_1_51' title='bbox 408 971 490 1018; x_wconf 89' lang='lat' dir='ltr'>oculis</span> <span class='ocrx_word' id='word_1_52' title='bbox 504 971 606 1033; x_wconf 81' lang='lat' dir='ltr'>alteque</span> <span class='ocrx_word' id='word_1_53' title='bbox 620 970 719 1020; x_wconf 90' lang='lat' dir='ltr'>iubebis</span> 
     </span>
     <span class='ocr_line' id='line_1_10' title="bbox 136 1058 784 1123; baseline 0.008 -18"><span class='ocrx_word' id='word_1_54' title='bbox 136 1058 163 1105; x_wconf 90' lang='lat' dir='ltr'>iu</span> <span class='ocrx_word' id='word_1_55' title='bbox 176 1058 261 1106; x_wconf 87' lang='lat' dir='ltr'>solido</span> <span class='ocrx_word' id='word_1_56' title='bbox 273 1067 379 1122; x_wconf 90' lang='lat' dir='ltr'>puteum</span> <span class='ocrx_word' id='word_1_57' title='bbox 393 1059 491 1108; x_wconf 86' lang='lat' dir='ltr'>demitti</span> <span class='ocrx_word' id='word_1_58' title='bbox 505 1074 660 1122; x_wconf 89' lang='lat' dir='ltr'>omnemque</span> <span class='ocrx_word' id='word_1_59' title='bbox 673 1075 784 1123; x_wconf 80' lang='lat' dir='ltr'>repones</span> 
     </span>
     <span class='ocr_line' id='line_1_11' title="bbox 136 1147 867 1212; baseline 0.007 -18"><span class='ocrx_word' id='word_1_60' title='bbox 136 1162 224 1196; x_wconf 89' lang='lat' dir='ltr'>rursus</span> <span class='ocrx_word' id='word_1_61' title='bbox 242 1147 351 1196; x_wconf 90' lang='lat' dir='ltr'>humum</span> <span class='ocrx_word' id='word_1_62' title='bbox 370 1156 395 1197; x_wconf 91' lang='lat' dir='ltr'>et</span> <span class='ocrx_word' id='word_1_63' title='bbox 413 1149 522 1211; x_wconf 91' lang='lat' dir='ltr'>pedibus</span> <span class='ocrx_word' id='word_1_64' title='bbox 546 1165 659 1198; x_wconf 88' lang='lat' dir='ltr'>summas</span> <span class='ocrx_word' id='word_1_65' title='bbox 679 1151 803 1212; x_wconf 80' lang='lat' dir='ltr'>aequabis</span> <span class='ocrx_word' id='word_1_66' title='bbox 823 1151 867 1199; x_wconf 91' lang='lat' dir='ltr'>ha-</span> 
     </span>
     <span class='ocr_line' id='line_1_12' title="bbox 438 1251 522 1286; baseline -0.012 -1"><span class='ocrx_word' id='word_1_67' title='bbox 438 1251 522 1286; x_wconf 87' lang='lat' dir='ltr'>renas.</span> 
     </span>
     <span class='ocr_line' id='line_1_13' title="bbox 135 1325 772 1390; baseline 0.005 -17"><span class='ocrx_word' id='word_1_68' title='bbox 135 1325 156 1373; x_wconf 90' lang='lat' dir='ltr'>si</span> <span class='ocrx_word' id='word_1_69' title='bbox 170 1326 286 1383; x_wconf 84' lang='lat' dir='ltr'>deerunt,</span> <span class='ocrx_word' id='word_1_70' title='bbox 301 1341 389 1374; x_wconf 90' lang='lat' dir='ltr'>rarum</span> <span class='ocrx_word' id='word_1_71' title='bbox 401 1327 540 1390; x_wconf 85' lang='lat' dir='ltr'>pecorique</span> <span class='ocrx_word' id='word_1_72' title='bbox 553 1334 578 1376; x_wconf 91' lang='lat' dir='ltr'>et</span> <span class='ocrx_word' id='word_1_73' title='bbox 590 1326 683 1375; x_wconf 87' lang='lat' dir='ltr'>vitibus</span> <span class='ocrx_word' id='word_1_74' title='bbox 697 1328 772 1376; x_wconf 82' lang='lat' dir='ltr'>almis</span> 
     </span>
     <span class='ocr_line' id='line_1_14' title="bbox 136 1415 766 1480; baseline 0.003 -18"><span class='ocrx_word' id='word_1_75' title='bbox 136 1415 219 1477; x_wconf 90' lang='lat' dir='ltr'>aptius</span> <span class='ocrx_word' id='word_1_76' title='bbox 233 1415 296 1463; x_wconf 88' lang='lat' dir='ltr'>uber</span> <span class='ocrx_word' id='word_1_77' title='bbox 308 1416 371 1463; x_wconf 88' lang='lat' dir='ltr'>erit:</span> <span class='ocrx_word' id='word_1_78' title='bbox 392 1417 432 1464; x_wconf 91' lang='lat' dir='ltr'>sin</span> <span class='ocrx_word' id='word_1_79' title='bbox 445 1417 472 1464; x_wconf 90' lang='lat' dir='ltr'>in</span> <span class='ocrx_word' id='word_1_80' title='bbox 485 1432 533 1464; x_wconf 86' lang='lat' dir='ltr'>sua</span> <span class='ocrx_word' id='word_1_81' title='bbox 545 1431 619 1480; x_wconf 84' lang='lat' dir='ltr'>posse</span> <span class='ocrx_word' id='word_1_82' title='bbox 633 1416 766 1478; x_wconf 79' lang='lat' dir='ltr'>negabunt</span> 
     </span>
     <span class='ocr_line' id='line_1_15' title="bbox 64 1498 780 1568; baseline 0.003 -16"><span class='ocrx_word' id='word_1_83' title='bbox 64 1498 115 1552; x_wconf 73' lang='lat'>235</span> <span class='ocrx_word' id='word_1_84' title='bbox 135 1504 172 1552; x_wconf 91' lang='lat' dir='ltr'>ire</span> <span class='ocrx_word' id='word_1_85' title='bbox 185 1505 244 1552; x_wconf 90' lang='lat' dir='ltr'>loca</span> <span class='ocrx_word' id='word_1_86' title='bbox 257 1511 282 1552; x_wconf 88' lang='lat' dir='ltr'>ct</span> <span class='ocrx_word' id='word_1_87' title='bbox 294 1503 428 1553; x_wconf 79' lang='lat' dir='ltr'>scrobibus</span> <span class='ocrx_word' id='word_1_88' title='bbox 441 1507 573 1568; x_wconf 83' lang='lat' dir='ltr'>superabit</span> <span class='ocrx_word' id='word_1_89' title='bbox 586 1514 653 1554; x_wconf 86' lang='lat' dir='ltr'>terra</span> <span class='ocrx_word' id='word_1_90' title='bbox 665 1507 780 1568; x_wconf 87' lang='lat' dir='ltr'>repletis,</span> 
     </span>
     <span class='ocr_line' id='line_1_16' title="bbox 135 1594 841 1658; baseline 0.006 -18"><span class='ocrx_word' id='word_1_91' title='bbox 135 1594 231 1656; x_wconf 88' lang='lat' dir='ltr'>spissus</span> <span class='ocrx_word' id='word_1_92' title='bbox 245 1608 315 1654; x_wconf 83' lang='lat' dir='ltr'>ager,</span> <span class='ocrx_word' id='word_1_93' title='bbox 331 1594 438 1655; x_wconf 81' lang='lat' dir='ltr'>glaebas</span> <span class='ocrx_word' id='word_1_94' title='bbox 451 1603 601 1643; x_wconf 85' lang='lat' dir='ltr'>cunctantes</span> <span class='ocrx_word' id='word_1_95' title='bbox 615 1609 752 1657; x_wconf 88' lang='lat' dir='ltr'>crassaque</span> <span class='ocrx_word' id='word_1_96' title='bbox 765 1603 841 1658; x_wconf 78' lang='lat' dir='ltr'>terga</span> 
     </span>
     <span class='ocr_line' id='line_1_17' title="bbox 135 1683 776 1746; baseline 0 -14"><span class='ocrx_word' id='word_1_97' title='bbox 135 1691 242 1746; x_wconf 84' lang='lat' dir='ltr'>expecta</span> <span class='ocrx_word' id='word_1_98' title='bbox 255 1691 280 1730; x_wconf 91' lang='lat' dir='ltr'>et</span> <span class='ocrx_word' id='word_1_99' title='bbox 292 1683 384 1731; x_wconf 87' lang='lat' dir='ltr'>validis</span> <span class='ocrx_word' id='word_1_100' title='bbox 398 1690 491 1732; x_wconf 89' lang='lat' dir='ltr'>terram</span> <span class='ocrx_word' id='word_1_101' title='bbox 504 1684 641 1746; x_wconf 90' lang='lat' dir='ltr'>proscinde</span> <span class='ocrx_word' id='word_1_102' title='bbox 653 1685 776 1732; x_wconf 89' lang='lat' dir='ltr'>iuvencis.</span> 
     </span>
     <span class='ocr_line' id='line_1_18' title="bbox 134 1772 782 1836; baseline 0.003 -16"><span class='ocrx_word' id='word_1_103' title='bbox 134 1773 202 1820; x_wconf 91' lang='lat' dir='ltr'>salsa</span> <span class='ocrx_word' id='word_1_104' title='bbox 215 1780 300 1820; x_wconf 90' lang='lat' dir='ltr'>autem</span> <span class='ocrx_word' id='word_1_105' title='bbox 314 1772 390 1821; x_wconf 85' lang='lat' dir='ltr'>tellus</span> <span class='ocrx_word' id='word_1_106' title='bbox 404 1781 429 1821; x_wconf 90' lang='lat' dir='ltr'>et</span> <span class='ocrx_word' id='word_1_107' title='bbox 442 1787 508 1836; x_wconf 84' lang='lat' dir='ltr'>quae</span> <span class='ocrx_word' id='word_1_108' title='bbox 521 1773 672 1835; x_wconf 88' lang='lat' dir='ltr'>perhibetur</span> <span class='ocrx_word' id='word_1_109' title='bbox 684 1789 782 1832; x_wconf 87' lang='lat' dir='ltr'>amara,</span> 
     </span>
     <span class='ocr_line' id='line_1_19' title="bbox 134 1860 753 1924; baseline 0.002 -15"><span class='ocrx_word' id='word_1_110' title='bbox 134 1861 250 1923; x_wconf 81' lang='lat' dir='ltr'>frugibus</span> <span class='ocrx_word' id='word_1_111' title='bbox 264 1860 355 1908; x_wconf 87' lang='lat' dir='ltr'>infelix</span> <span class='ocrx_word' id='word_1_112' title='bbox 368 1860 412 1924; x_wconf 85' lang='lat' dir='ltr'>(ea</span> <span class='ocrx_word' id='word_1_113' title='bbox 424 1876 472 1910; x_wconf 88' lang='lat' dir='ltr'>nec</span> <span class='ocrx_word' id='word_1_114' title='bbox 484 1863 641 1910; x_wconf 85' lang='lat' dir='ltr'>mansuescit</span> <span class='ocrx_word' id='word_1_115' title='bbox 654 1863 753 1910; x_wconf 88' lang='lat' dir='ltr'>arando</span> 
     </span>
     <span class='ocr_line' id='line_1_20' title="bbox 62 1950 847 2015; baseline 0.001 -16"><span class='ocrx_word' id='word_1_116' title='bbox 62 1956 114 2000; x_wconf 78' lang='lat'>240</span> <span class='ocrx_word' id='word_1_117' title='bbox 135 1966 182 1999; x_wconf 89' lang='lat' dir='ltr'>nec</span> <span class='ocrx_word' id='word_1_118' title='bbox 194 1950 300 1999; x_wconf 88' lang='lat' dir='ltr'>Baccho</span> <span class='ocrx_word' id='word_1_119' title='bbox 313 1964 394 2012; x_wconf 80' lang='lat' dir='ltr'>genus</span> <span class='ocrx_word' id='word_1_120' title='bbox 408 1958 453 1998; x_wconf 87' lang='lat' dir='ltr'>aut</span> <span class='ocrx_word' id='word_1_121' title='bbox 465 1952 548 2013; x_wconf 89' lang='lat' dir='ltr'>pomis</span> <span class='ocrx_word' id='word_1_122' title='bbox 562 1967 609 1999; x_wconf 89' lang='lat' dir='ltr'>sua</span> <span class='ocrx_word' id='word_1_123' title='bbox 621 1952 728 2000; x_wconf 88' lang='lat' dir='ltr'>nomine</span> <span class='ocrx_word' id='word_1_124' title='bbox 739 1954 847 2015; x_wconf 86' lang='lat' dir='ltr'>servat),</span> 
     </span>
    </p>
   </div>
   <div class='ocr_carea' id='block_1_3' title="bbox 134 2038 788 2109">
    <p class='ocr_par' dir='ltr' id='par_1_3' title="bbox 134 2038 788 2109">
     <span class='ocr_line' id='line_1_21' title="bbox 134 2038 788 2109; baseline 0 -20"><span class='ocrx_word' id='word_1_125' title='bbox 134 2042 185 2109; x_wconf 86' lang='lat' dir='ltr'>tale</span> <span class='ocrx_word' id='word_1_126' title='bbox 199 2039 270 2087; x_wconf 87' lang='lat' dir='ltr'>debit</span> <span class='ocrx_word' id='word_1_127' title='bbox 283 2038 427 2101; x_wconf 86' lang='lat' dir='ltr'>specimen:</span> <span class='ocrx_word' id='word_1_128' title='bbox 448 2047 476 2087; x_wconf 94' lang='lat' dir='ltr'>tu</span> <span class='ocrx_word' id='word_1_129' title='bbox 489 2041 572 2103; x_wconf 87' lang='lat' dir='ltr'>spisso</span> <span class='ocrx_word' id='word_1_130' title='bbox 586 2040 680 2089; x_wconf 89' lang='lat' dir='ltr'>vimine</span> <span class='ocrx_word' id='word_1_131' title='bbox 695 2042 788 2103; x_wconf 88' lang='lat' dir='ltr'>qualos</span> 
     </span>
    </p>
   </div>
   <div class='ocr_carea' id='block_1_4' title="bbox 62 2129 843 2740">
    <p class='ocr_par' dir='ltr' id='par_1_4' title="bbox 62 2129 843 2740">
     <span class='ocr_line' id='line_1_22' title="bbox 134 2129 713 2192; baseline -0.002 -13"><span class='ocrx_word' id='word_1_132' title='bbox 134 2131 243 2192; x_wconf 87' lang='lat' dir='ltr'>colaque</span> <span class='ocrx_word' id='word_1_133' title='bbox 256 2129 388 2191; x_wconf 88' lang='lat' dir='ltr'>prelorum</span> <span class='ocrx_word' id='word_1_134' title='bbox 401 2129 508 2177; x_wconf 80' lang='lat' dir='ltr'>tumosis</span> <span class='ocrx_word' id='word_1_135' title='bbox 522 2130 610 2192; x_wconf 91' lang='lat' dir='ltr'>deripe</span> <span class='ocrx_word' id='word_1_136' title='bbox 624 2130 713 2188; x_wconf 87' lang='lat' dir='ltr'>teetis;</span> 
     </span>
     <span class='ocr_line' id='line_1_23' title="bbox 133 2218 822 2281; baseline 0.003 -14"><span class='ocrx_word' id='word_1_137' title='bbox 133 2219 184 2268; x_wconf 90' lang='lat' dir='ltr'>buc</span> <span class='ocrx_word' id='word_1_138' title='bbox 198 2233 259 2280; x_wconf 86' lang='lat' dir='ltr'>ager</span> <span class='ocrx_word' id='word_1_139' title='bbox 272 2218 316 2266; x_wconf 91' lang='lat' dir='ltr'>ille</span> <span class='ocrx_word' id='word_1_140' title='bbox 328 2219 411 2266; x_wconf 91' lang='lat' dir='ltr'>malus</span> <span class='ocrx_word' id='word_1_141' title='bbox 425 2219 565 2281; x_wconf 88' lang='lat' dir='ltr'>dulcesque</span> <span class='ocrx_word' id='word_1_142' title='bbox 578 2234 594 2267; x_wconf 90' lang='lat' dir='ltr'>a</span> <span class='ocrx_word' id='word_1_143' title='bbox 606 2218 720 2267; x_wconf 85' lang='lat' dir='ltr'>fontibus</span> <span class='ocrx_word' id='word_1_144' title='bbox 734 2221 822 2270; x_wconf 86' lang='lat' dir='ltr'>undae</span> 
     </span>
     <span class='ocr_line' id='line_1_24' title="bbox 133 2290 802 2371; baseline 0.001 -14"><span class='ocrx_word' id='word_1_145' title='bbox 133 2290 165 2357; x_wconf 79' lang='lat' dir='ltr'>ed</span> <span class='ocrx_word' id='word_1_146' title='bbox 179 2309 285 2371; x_wconf 90' lang='lat' dir='ltr'>plenum</span> <span class='ocrx_word' id='word_1_147' title='bbox 299 2308 447 2368; x_wconf 75' lang='lat' dir='ltr'>calcentur3</span> <span class='ocrx_word' id='word_1_148' title='bbox 468 2323 536 2370; x_wconf 89' lang='lat' dir='ltr'>aqua</span> <span class='ocrx_word' id='word_1_149' title='bbox 549 2308 703 2356; x_wconf 83' lang='lat' dir='ltr'>eluctabitur</span> <span class='ocrx_word' id='word_1_150' title='bbox 715 2310 802 2358; x_wconf 88' lang='lat' dir='ltr'>omnis</span> 
     </span>
     <span class='ocr_line' id='line_1_25' title="bbox 62 2396 763 2460; baseline -0.001 -13"><span class='ocrx_word' id='word_1_151' title='bbox 62 2405 112 2447; x_wconf 79' lang='lat'>245</span> <span class='ocrx_word' id='word_1_152' title='bbox 133 2399 232 2447; x_wconf 89' lang='lat' dir='ltr'>scilicet</span> <span class='ocrx_word' id='word_1_153' title='bbox 245 2406 269 2446; x_wconf 87' lang='lat' dir='ltr'>et</span> <span class='ocrx_word' id='word_1_154' title='bbox 281 2397 393 2459; x_wconf 87' lang='lat' dir='ltr'>grandes</span> <span class='ocrx_word' id='word_1_155' title='bbox 406 2396 481 2445; x_wconf 93' lang='lat' dir='ltr'>ibunt</span> <span class='ocrx_word' id='word_1_156' title='bbox 493 2412 539 2460; x_wconf 88' lang='lat' dir='ltr'>per</span> <span class='ocrx_word' id='word_1_157' title='bbox 551 2397 647 2445; x_wconf 89' lang='lat' dir='ltr'>vimina</span> <span class='ocrx_word' id='word_1_158' title='bbox 659 2404 763 2459; x_wconf 80' lang='lat' dir='ltr'>guttae3</span> 
     </span>
     <span class='ocr_line' id='line_1_26' title="bbox 122 2485 751 2551; baseline 0 -16"><span class='ocrx_word' id='word_1_159' title='bbox 122 2497 152 2535; x_wconf 83' lang='lat' dir='ltr'>at</span> <span class='ocrx_word' id='word_1_160' title='bbox 161 2502 247 2551; x_wconf 86' lang='lat' dir='ltr'>sapor</span> <span class='ocrx_word' id='word_1_161' title='bbox 257 2486 387 2536; x_wconf 89' lang='lat' dir='ltr'>indicium</span> <span class='ocrx_word' id='word_1_162' title='bbox 400 2485 488 2546; x_wconf 82' lang='lat' dir='ltr'>faciet,</span> <span class='ocrx_word' id='word_1_163' title='bbox 501 2486 653 2534; x_wconf 82' lang='lat' dir='ltr'>manilestus</span> <span class='ocrx_word' id='word_1_164' title='bbox 666 2493 691 2533; x_wconf 89' lang='lat' dir='ltr'>et</span> <span class='ocrx_word' id='word_1_165' title='bbox 703 2501 751 2535; x_wconf 87' lang='lat' dir='ltr'>ora</span> 
     </span>
     <span class='ocr_line' id='line_1_27' title="bbox 108 2574 774 2646; baseline -0.009 -24"><span class='ocrx_word' id='word_1_166' title='bbox 108 2575 198 2627; x_wconf 83' lang='lat' dir='ltr'>tristia</span> <span class='ocrx_word' id='word_1_167' title='bbox 213 2585 401 2646; x_wconf 83' lang='lat' dir='ltr'>temptantum</span> <span class='ocrx_word' id='word_1_168' title='bbox 416 2594 500 2629; x_wconf 88' lang='lat' dir='ltr'>sensu</span> <span class='ocrx_word' id='word_1_169' title='bbox 512 2574 649 2639; x_wconf 71' lang='lat' dir='ltr'>torquebit</span> <span class='ocrx_word' id='word_1_170' title='bbox 659 2587 774 2619; x_wconf 77' lang='lat' dir='ltr'>amaror.</span> 
     </span>
     <span class='ocr_line' id='line_1_28' title="bbox 85 2658 843 2740; baseline -0.001 -23"><span class='ocrx_word' id='word_1_171' title='bbox 85 2664 209 2729; x_wconf 73' lang='lat' dir='ltr'>pinguis</span> <span class='ocrx_word' id='word_1_172' title='bbox 226 2671 298 2724; x_wconf 88' lang='lat' dir='ltr'>item</span> <span class='ocrx_word' id='word_1_173' title='bbox 315 2689 394 2740; x_wconf 89' lang='lat' dir='ltr'>quae</span> <span class='ocrx_word' id='word_1_174' title='bbox 411 2673 453 2723; x_wconf 86' lang='lat' dir='ltr'>sit</span> <span class='ocrx_word' id='word_1_175' title='bbox 464 2667 622 2721; x_wconf 79' lang='lat' dir='ltr'>tellusboe</span> <span class='ocrx_word' id='word_1_176' title='bbox 634 2658 843 2716; x_wconf 40' lang='lat' dir='ltr'>bematis</span> 
     </span>
    </p>
   </div>
   <div class='ocr_carea' id='block_1_5' title="bbox 0 0 912 2956">
    <p class='ocr_par' dir='ltr' id='par_1_5' title="bbox 0 0 912 2956">
     <span class='ocr_line' id='line_1_29' title="bbox 0 0 912 2956; baseline 0 0"><span class='ocrx_word' id='word_1_177' title='bbox 0 0 912 2956; x_wconf 95' lang='lat' dir='ltr'> </span> 
     </span>
    </p>
   </div>
  </div>
 </body>
</html>
