1816 2956
67 169 105 216 26
305 177 331 217 Ρ.
348 176 469 217 VERGILI
489 176 620 216 MARONIS

83 340 115 382 20
136 335 183 383 hoa
196 333 327 397 Corydon,
343 335 401 382 illos
415 332 540 381 referebat
552 334 579 381 in
592 334 682 381 ordine
695 333 816 395 Thyrsis.

171 438 196 472 c.
218 423 360 486 Nymphae,
375 430 462 470 noster
469 436 550 481 amor,
563 421 736 481 Libethrides,
752 421 855 471 autmih

437 525 540 560 carmen

137 603 213 665 quale
225 615 283 651 mco
297 598 384 649 Codro
398 600 531 649 concedite
545 599 685 662 (proxuma
697 599 801 649 Phoebi

136 689 250 738 versibus
263 690 307 738 ille
321 688 408 752 facit),
423 696 475 745 ent,
492 688 513 735 si
526 702 579 735 non
592 703 728 750 possumus
743 704 843 749 omnes,

137 778 180 826 hic
193 786 284 839 arguta
296 792 370 825 saera
382 776 505 840 pendebit
517 777 603 824 fistula
615 778 687 839 pinu.

85 872 117 914 25
137 882 161 914 r.
182 866 310 925 Pastorcs,
325 865 421 914 hedera
433 873 582 914 nascentem
595 872 684 913 ornate
697 857 815 927 poetam,

138 956 262 1013 Arcades,
277 955 374 1002 invidia
386 962 538 1016 rumpantur
550 961 579 1002 ut
591 954 636 1001 ilia
650 952 737 1001 Codro
748 971 755 1013 3

138 1050 190 1102 aut,
206 1043 226 1091 si
240 1044 308 1091 ultra
320 1042 444 1106 placitum
458 1043 578 1102 laudarit,
595 1042 721 1090 bacchare
735 1043 849 1092 frontem

139 1132 243 1194 cingite,
259 1146 291 1180 ne
303 1132 354 1179 vati
367 1139 460 1180 noceat
472 1132 541 1180 mala
554 1131 644 1192 lingua
659 1130 757 1178 futuro.

174 1235 198 1268 c.
221 1219 321 1268 Saetosi
335 1228 412 1282 capnt
424 1220 473 1268 hoc
488 1220 543 1282 apri
556 1219 611 1278 tibi,
626 1219 713 1278 Delia,
733 1235 830 1282 parvos

86 1314 119 1358 30
139 1315 164 1357 et
175 1323 280 1357 ramosa
292 1308 380 1356 Micon
392 1308 486 1357 vivacis
500 1322 597 1357 cornua
610 1307 685 1356 cervi.

139 1397 160 1444 si
174 1397 307 1460 proprium
320 1396 369 1445 hoc
382 1396 466 1455 fuerit,
482 1397 531 1445 leu'
545 1397 576 1444 de
589 1409 717 1443 marmore
730 1401 790 1445 tota

138 1485 249 1549 puniceo
262 1484 341 1532 stabis
354 1500 425 1532 suras
439 1486 539 1534 evincta
552 1485 687 1532 cothurno.

139 1589 162 1621 r.
185 1571 277 1622 Sinum
289 1574 362 1622 lactis
374 1573 473 1622 ethaeo
485 1581 509 1621 te
522 1572 582 1631 liba,
598 1573 699 1635 Priape,
716 1580 783 1634 quot
796 1573 855 1622 anni

142 1671 279 1725 expectare
291 1670 331 1710 sat
344 1669 396 1711 est:
417 1669 501 1709 custos
515 1677 541 1710 es
555 1662 675 1725 pauperia
689 1662 767 1710 horti.

87 1756 119 1798 35
140 1765 208 1799 nune
222 1759 246 1810 te
259 1765 432 1799 marmoreum
444 1765 490 1812 pro
504 1757 618 1812 ternpore
632 1750 756 1809 fecimus;
773 1758 802 1798 at
815 1760 850 1810 tu,

140 1840 161 1887 si
175 1830 257 1889 fetura
269 1855 374 1902 gregem
387 1839 549 1901 suppleverit,
566 1854 657 1886 aurens
672 1845 735 1886 esto.

176 1944 201 1977 c.
222 1930 317 1977 Nerine
331 1927 449 1986 Galatea,
465 1927 553 1989 thymo
566 1928 628 1974 mihi
643 1927 744 1974 dulcior
757 1926 855 1990 Hyblae

141 2018 277 2066 candidior
290 2018 385 2080 cycnis,
401 2017 497 2064 hedera
510 2016 647 2063 formosior
660 2016 729 2073 alba,

142 2107 324 2170 cumprimum
336 2106 403 2168 pasti
416 2112 532 2167 repetent
545 2105 679 2167 praesepia
692 2103 768 2163 tauri,

89 2201 123 2243 40
142 2196 217 2258 siqua
229 2196 265 2242 tui
280 2193 425 2256 Corydonis
439 2194 517 2242 habet
529 2200 553 2240 te
567 2209 637 2251 cura,
653 2193 747 2240 venito.

140 2300 164 2332 r.
184 2285 268 2332 Immo
282 2298 330 2345 ego
341 2282 475 2331 Sardoniis
488 2283 575 2330 videar
588 2282 633 2330 ribi
647 2281 759 2328 amarior
771 2281 855 2329 herbis

142 2373 271 2421 horridior
284 2387 367 2431 rusco,
384 2373 499 2434 proiecta
511 2371 586 2418 vilior
602 2372 670 2432 alga,

143 2461 163 2509 si
177 2461 240 2508 mihi
253 2477 306 2508 non
320 2461 384 2509 haec
397 2462 442 2509 lux
455 2468 509 2508 tota
522 2460 575 2507 iam
588 2459 691 2519 longior
704 2465 810 2506 annost.

132 2551 170 2598 1'tc
183 2551 292 2600 domum
304 2552 383 2617 prusti,
399 2551 481 2617 siquis
493 2549 590 2614 pudor,
602 2549 640 2595 iae
648 2547 762 2594 iuuenci.

60 2640 97 2681 45
155 2654 182 2688 0·
206 2643 329 2697 Muscosi
346 2644 439 2698 sontes
454 2650 481 2693 et
493 2655 592 2692 somno
605 2635 716 2688 mollior
723 2631 815 2681 herha-
