1816 2956
280 169 428 209 AENEIDOS
448 170 536 208 LIBER
554 170 585 208 X.
773 160 808 206 41
821 160 839 205 5

56 334 88 375 35
111 337 206 374 vertere
220 326 289 373 iussa
303 334 387 388 potest
400 333 444 374 aut
458 340 503 373 eur
516 339 583 372 nova
596 326 707 374 condere
720 325 791 373 fata?

111 416 171 476 quid
186 424 300 477 repetam
314 422 416 463 exustas
429 414 540 475 Erycino
555 414 582 460 in
596 414 671 462 litore
685 415 788 472 elassea

111 504 171 565 quid
186 511 366 566 tempestatum
379 517 466 564 regem
478 509 620 564 ventosque
633 503 745 552 furentes

109 592 204 639 Aeolia
218 592 314 640 excitos
328 598 373 639 aut
386 598 470 639 aetam
483 589 595 638 nubibus
608 591 688 639 Irim?

111 694 179 728 nunc
193 681 270 728 etiam
284 694 372 728 manes
387 678 463 740 (haec
476 679 630 741 intemptata
643 678 765 728 manebat

56 774 90 815 40
111 783 165 815 sors
178 767 275 830 rerum)
289 775 374 815 movet
398 775 422 815 et
435 768 534 830 superis
548 767 654 815 inmissa
666 775 770 829 repente

110 858 223 914 Allecto,
238 856 336 904 medias
349 856 444 904 Italum
457 856 583 904 bacchata
597 870 641 919 per
655 855 738 903 urbes.

111 944 147 990 nil
161 959 237 1005 super
250 944 357 1005 imperio
372 958 491 991 moveor:
513 945 670 1006 speravimus
684 943 741 1002 ista,

112 1033 172 1078 dum
186 1031 290 1078 fortuna
302 1031 366 1090 fuit3
387 1033 491 1079 vineant
504 1048 568 1094 quos
582 1033 682 1080 vincere
695 1031 785 1079 mavis.

111 1121 131 1167 si
145 1121 218 1167 nulla
232 1127 269 1167 est
281 1120 362 1180 regio,
378 1120 484 1168 Teucris
499 1136 577 1182 quam
591 1121 634 1169 det
646 1129 691 1168 tua
704 1120 821 1168 coniunx

58 1214 91 1256 45
113 1208 185 1266 dura,
202 1223 247 1270 per
260 1222 370 1268 eversae,
386 1209 495 1270 genitor,
512 1209 638 1256 fumantia
650 1209 745 1257 Troiae

113 1297 215 1345 excidia
228 1297 351 1356 obtestor,
367 1297 444 1345 liceat
457 1297 585 1345 dimittere
599 1297 630 1344 ab
645 1290 722 1345 armis

112 1386 268 1434 ineolumem
282 1385 433 1444 Ascanium,
449 1385 526 1434 lieeat
539 1400 671 1447 superesse
683 1393 814 1449 nepotem.

112 1477 214 1523 Aeneas
229 1489 291 1522 sane
303 1474 399 1536 ignotis
413 1475 521 1523 iactetur
533 1475 560 1521 in
573 1474 658 1532 undis,
708 1524 710 1528 Α

112 1570 137 1610 et
150 1578 339 1625 quamcumque
353 1564 419 1611 viam
434 1564 533 1612 dederit
545 1563 660 1610 Fortuna
673 1571 795 1625 sequatur
804 1578 812 1609 :¹

60 1657 92 1699 50
112 1651 181 1699 hunc
195 1660 280 1712 tegere
294 1660 318 1699 et
332 1653 403 1700 dirae
416 1653 516 1700 valeam
529 1651 671 1699 subducere
685 1665 796 1713 pugnae.

112 1748 150 1786 est
163 1739 300 1798 Amathus,
321 1748 358 1788 est
372 1741 441 1789 celsa
453 1740 558 1801 Paphus
572 1746 649 1801 atque
663 1741 716 1787 alta
730 1738 845 1802 Cythera

112 1827 262 1888 Idaliaeque
276 1828 382 1874 domus:
405 1828 494 1890 positis
508 1827 634 1888 inglorius
648 1828 725 1876 armis

112 1915 201 1976 exigat
213 1915 254 1962 hie
269 1929 367 1962 aevom.
394 1930 490 1976 magua
503 1916 605 1963 dicione
618 1916 704 1964 iubeto

111 2003 246 2064 Karthago
260 2010 360 2064 premat
373 2004 532 2050 Ausoniam:
554 2004 619 2052 nihil
633 2004 738 2052 urbibus
753 2005 817 2052 inde

60 2099 91 2141 55
113 2092 225 2139 obstabit
237 2091 330 2154 Tyriis.
359 2092 421 2154 quid
435 2098 532 2154 pestem
546 2093 651 2141 evadere
665 2093 725 2142 belli

113 2181 175 2228 invit
189 2188 213 2228 et
225 2180 365 2240 Argolicos
379 2180 492 2228 medium
505 2181 601 2243 fugisse
614 2196 660 2244 per
672 2183 754 2244 ignes,

112 2278 201 2330 totque
214 2268 292 2316 maris
306 2275 443 2331 vastaeque
456 2269 582 2318 exhausta
595 2271 711 2332 pericula
723 2278 814 2327 terrae,

113 2359 174 2404 dum
193 2356 297 2404 Latium
317 2357 410 2405 Teucri
434 2358 597 2422 recidivaque
616 2359 744 2421 Pergama
763 2373 843 2420 quae-

412 2447 487 2509 runt?

111 2548 164 2581 non
178 2534 256 2582 satius
271 2535 368 2583 eineres
380 2535 481 2598 patriae
494 2535 624 2586 insedisse
638 2547 782 2599 supremos

53 2627 87 2667 ὅθ
103 2630 181 2680 atque
192 2623 276 2669 solum
291 2639 344 2686 quo
354 2624 436 2676 Troia
451 2627 519 2678 fuit?
534 2626 688 2678 Xanthum
699 2617 896 2671 emmeant*
