1816 2956
303 197 451 237 nubamus
474 199 561 237 LIBER
578 199 618 238 IV.
797 191 855 238 247

132 354 238 402 abluam
251 361 275 402 et
288 362 416 401 extremus
430 354 510 416 siquis
523 369 600 416 super
613 355 707 402 halitus
722 364 789 404 errat

59 449 110 492 685
132 458 177 492 ore
190 433 293 505 legam’
318 443 356 490 sio
368 443 421 490 fata
433 443 529 504 gradus
543 451 657 490 evaserat
669 445 735 492 altos

132 532 361 594 semianimemque
374 533 431 579 sinu
451 545 600 593 germanam
620 533 740 595 amplexa
757 533 859 582 fovebat

132 636 191 669 cum
203 621 300 683 gemitu
314 628 391 683 atquo
404 627 472 667 atros
485 619 599 668 siccabat
610 628 679 669 veste
692 637 804 670 cruores.

132 709 180 757 illa
191 710 276 771 gravis
291 709 380 757 oculos
394 716 488 756 conata
501 709 618 756 attollere
632 724 719 757 rursus

133 798 235 857 deficit,
257 798 365 845 infixum
378 797 463 844 stridit
476 797 522 844 sub
536 806 639 860 pectore
652 799 754 846 volnus.

60 893 113 936 690
135 895 173 936 ter
186 901 241 935 sese
255 887 375 935 attollens
389 885 528 948 cubitoque
541 887 638 933 adnixa
651 887 751 947 levavit,

132 982 171 1024 ter
184 975 300 1023 revoluta
312 982 369 1022 toro
383 981 421 1022 est
434 975 568 1037 oculisque
581 975 724 1024 errantibus
739 977 791 1024 alto

132 1064 258 1127 quaesivit
271 1064 343 1112 caelo
357 1064 441 1111 lucem
453 1063 631 1127 ingemuitque
644 1073 753 1128 reperta.

168 1153 236 1200 Tum
255 1152 322 1200 Iuno
341 1152 518 1214 omnipotens,
545 1153 653 1216 longum
672 1154 793 1202 miserata
816 1153 861 1200 do·

435 1241 516 1288 lorem

133 1303 299 1392 asianae
312 1328 407 1387 obitus,
422 1328 484 1376 mm
498 1330 600 1378 semaa
613 1329 734 1392 Olympo,

60 1423 113 1468 695
134 1433 200 1481 quae
220 1419 361 1466 luctantem
381 1418 494 1465 animam
514 1433 646 1481 nexosque
666 1419 804 1467 resolveret
821 1433 862 1466 ar·

435 1513 484 1554 tus.

133 1609 195 1643 nam
208 1594 270 1657 quia
282 1608 330 1643 nec
343 1594 405 1652 fato,
420 1596 510 1643 merita
525 1611 572 1644 nec
585 1602 667 1644 morte
679 1593 788 1658 peribat,

133 1683 178 1731 sed
191 1683 286 1731 misera
299 1690 357 1731 ante
371 1683 438 1730 diem
452 1684 589 1746 subitoque
603 1698 711 1732 accensa
724 1682 818 1740 furore,

133 1773 249 1820 nondum
262 1773 301 1820 illi
314 1771 407 1819 flavom
420 1772 575 1836 Proserpina
587 1773 681 1821 vertice
695 1771 791 1820 crinem

134 1860 275 1909 abstulerat
288 1859 431 1923 Stygioque
446 1867 523 1924 caput
536 1862 703 1909 damnaverat
716 1858 793 1908 Orco.

61 1954 115 1999 700
135 1964 196 2011 ergo
209 1950 257 1998 Iris
272 1950 368 1998 croceis
381 1964 427 2012 per
440 1950 541 1998 caelum
554 1950 657 1997 roscida
669 1948 764 2012 pinnis,

134 2037 205 2085 mille
218 2037 322 2086 trahens
335 2038 420 2086 varios
434 2039 540 2086 adverso
554 2039 609 2086 sole
623 2039 731 2096 colores,

135 2126 238 2174 devolat
250 2133 275 2174 et
287 2142 365 2189 supra
378 2133 456 2189 caput
469 2127 575 2174 adstitit.
599 2117 680 2175 ‘hunc
693 2140 742 2188 ego
754 2124 810 2172 Diti

135 2229 238 2262 sacrum
250 2215 320 2263 iussa
333 2215 387 2264 fero
401 2223 477 2277 teque
491 2217 540 2263 isto
555 2229 662 2278 corpore
675 2207 768 2262 solvo'

134 2304 171 2351 sic
185 2303 221 2351 ait
233 2312 258 2352 et
271 2305 361 2352 dextra
375 2304 472 2352 crinem
485 2310 564 2361 secat,
581 2303 663 2351 omnis
678 2311 703 2352 et
714 2318 768 2350 una

64 2396 115 2443 705
135 2392 249 2455 dilapsus
263 2393 336 2440 calor
348 2399 425 2454 atque
438 2393 466 2439 in
479 2400 568 2441 ventos
582 2392 634 2439 vita
647 2391 759 2440 recessit.

358 2613 568 2623 ..ἡ
