1816 2956
242 203 388 244 nauumos
407 204 494 242 LIBER
510 205 563 243 XII.
741 197 800 242 515

79 368 230 423 responsant
243 361 311 409 circa
324 369 349 408 et
362 362 462 409 caelum
476 369 548 407 tonat
562 375 637 409 omne
651 361 770 408 tumultu.

77 450 121 497 ille
135 450 209 497 simul
224 451 325 512 fugiens
338 450 446 497 Rutulos
460 450 536 496 simul
549 451 666 512 increpat
679 464 776 508 omnes,

77 540 181 587 nomine
194 553 322 601 quemque
335 553 444 597 vocans,
466 544 606 600 notumque
624 539 748 599 efflagitat
761 552 803 586 en-

67 623 72 632 '
377 641 440 675 sem.

31 721 57 763 50
76 716 178 764 Aeneas
192 722 298 763 mortem
314 721 404 762 contra
417 728 589 777 praesensque
603 714 714 761 minatur

77 805 192 862 exitium,
208 804 228 851 si
244 804 381 865 quisquam
395 803 478 862 adeat,
495 810 623 865 terretque
636 802 776 860 trementis,

77 892 221 939 excisurum
234 891 323 938 urbem
336 891 467 949 minitans,
484 898 508 939 et
520 892 622 940 saucius
636 891 722 938 instat.

77 979 191 1040 quinque
205 979 278 1026 orbes
292 980 398 1042 explent
410 994 484 1026 cursu
498 980 655 1041 totidemque
669 985 788 1028 retexunt

76 1067 127 1114 huc
140 1067 218 1114 illuc:
240 1081 323 1129 neque
336 1068 404 1114 onim
418 1069 484 1115 levia
497 1075 541 1116 aut
554 1068 654 1115 ludicra
666 1074 787 1129 petuntur

31 1160 56 1202 35
77 1155 199 1218 praemia,
216 1156 259 1203 sed
274 1155 354 1202 Turni
369 1156 399 1202 de
412 1157 463 1204 vita
477 1163 501 1203 et
513 1157 639 1216 sanguine
653 1163 760 1204 certant.

76 1244 141 1291 forte
155 1259 226 1291 sacer
238 1244 327 1292 Fauno
341 1243 410 1291 soliis
425 1245 533 1292 oleaster
547 1245 640 1291 amaris

76 1333 118 1380 hic
131 1340 243 1392 steterat,
259 1332 343 1380 nautis
357 1332 420 1380 olim
433 1333 578 1381 venerabile
592 1333 699 1393 lignum,

76 1422 168 1470 servati
183 1437 214 1470 ex
227 1422 303 1469 undis
317 1421 359 1468 ubi
374 1422 452 1481 figere
467 1422 536 1468 dona
548 1420 667 1468 solebant

75 1511 197 1558 Laurenti
212 1511 270 1559 divo
284 1518 309 1559 et
321 1519 392 1558 votas
406 1511 561 1572 suspendere
574 1515 671 1556 vestes:

31 1603 56 1646 i0
76 1600 119 1647 sed
133 1599 237 1661 stirpem
251 1600 343 1647 Teucri
357 1600 429 1646 nullo
444 1597 591 1646 discrimine
604 1610 706 1643 sacrum

76 1689 240 1747 sustulerant,
256 1702 321 1750 puro
335 1695 364 1734 ut
376 1695 481 1750 possent
494 1699 646 1734 concurrere
659 1698 759 1746 campo.

75 1774 118 1822 hic
131 1774 205 1822 hasta
217 1777 323 1823 Aeneae
336 1775 428 1833 stabat,
444 1775 494 1821 huc
507 1774 617 1834 impetus
630 1772 704 1819 illam

77 1863 212 1920 detulerat,
228 1863 306 1910 fixam
319 1871 344 1910 et
356 1863 427 1910 lenta
439 1863 465 1909 in
479 1861 565 1908 radice
578 1860 689 1908 tenebat.

75 1949 192 1997 incubuit
204 1950 336 2012 voluitque
348 1965 426 1998 manu
441 1950 583 1997 convellere
597 1949 692 1996 ferrum

31 2044 55 2086 {5
75 2038 238 2086 Dardanides
253 2040 355 2101 teloque
369 2039 441 2101 sequi
455 2052 532 2100 quem
545 2039 669 2099 prendere
683 2051 759 2085 cursu

74 2142 128 2174 non
141 2134 249 2189 poterat.
278 2134 331 2174 turn
345 2142 404 2175 vero
418 2140 505 2174 amens
519 2125 657 2173 formidine
670 2125 773 2172 Turnus

73 2207 185 2275 ‘Faune,
207 2231 312 2279 precor,
334 2207 462 2263 miserere'
479 2215 579 2276 inquit,
598 2204 689 2275 ‘tuque
706 2212 804 2276 optima

376 2303 473 2351 sermm

75 2393 155 2440 Terra
168 2399 235 2452 tane,
252 2393 319 2442 colui
334 2399 430 2441 vestros
443 2392 464 2439 si
478 2405 578 2467 semper
591 2390 711 2447 honores,

76 2495 140 2543 quos
155 2487 245 2528 contra
257 2481 396 2529 Aeneadae
410 2480 478 2528 bello
491 2479 574 2528 fecere
590 2469 733 2541 profanos.³

31 2574 55 2616 30
76 2569 141 2615 dixit
154 2583 280 2631 opemque
294 2569 334 2616 dei
348 2583 400 2616 nou
415 2583 488 2617 cassa
500 2568 526 2614 in
540 2575 600 2614 vota
612 2566 720 2614 vocavit.

75 2671 187 2721 namque
200 2658 244 2706 diu
258 2659 358 2708 luctans
371 2658 493 2722 lentoque
506 2657 533 2704 in
546 2656 625 2717 stirpe
638 2662 752 2703 moratus

584 2729 649 2784 dd*
