1816 2956
74 161 134 208 862
314 169 340 208 1².
358 168 478 208 vulteum
498 167 629 208 Mauonls

73 332 124 373 245
144 327 252 389 pallida,
269 326 307 372 dis
320 325 411 382 invisa,
427 337 555 385 superque
567 323 672 372 inmane
684 323 847 374 barathrum

145 421 263 463 cernatur
276 414 455 476 trepidantque
468 412 574 459 inmisso
587 411 685 460 lumine
697 427 804 462 manes.

145 518 206 565 ergo
219 503 350 564 insperata
363 502 516 562 deprensum
529 501 557 548 in
570 502 629 548 luce
640 508 749 563 repente

144 591 324 653 inclusumque
337 603 398 637 cavo
412 603 476 636 saxo
490 597 566 652 atque
578 589 680 637 insueta
692 591 836 640 rudentem

144 680 254 741 desuper
266 679 372 727 Alcides
386 678 442 726 telis
455 679 548 740 premit
560 679 699 740 omniaque
712 692 789 728 arma

72 774 125 818 250
144 769 253 817 advocat
265 775 291 816 et
302 768 380 816 ramis
392 768 522 829 vastisque
534 766 676 815 molaribus
689 766 780 816 instat.

144 858 189 906 ille
201 864 295 914 autem,
311 871 394 918 neque
406 856 473 904 enim
486 855 549 917 fuga
560 856 612 902 iam
623 855 875 919 superullapericli,

144 946 260 994 faucibus
273 945 404 1007 ingentem
417 944 525 1001 furnum,
541 943 659 992 mirabile
672 943 755 1003 dictu,

144 1035 239 1084 evomit
250 1034 408 1095 involvitque
422 1033 527 1081 domurn
540 1032 652 1094 caligine
664 1046 754 1091 caeca,

143 1130 306 1187 prospectum
314 1122 425 1184 eripiens
439 1121 530 1177 oculis,
546 1122 724 1183 glomeratque
738 1121 788 1169 sub
799 1130 876 1190 antro

72 1218 123 1261 255
144 1212 289 1260 fumiferam
303 1217 406 1258 noctem
418 1210 564 1258 commixtis
577 1210 638 1270 igne
651 1208 776 1258 tenebris.

144 1315 197 1348 non
210 1300 269 1347 tulit
281 1299 386 1347 Alcides
399 1298 492 1346 animis
506 1313 583 1360 seque
596 1299 652 1360 ipse
665 1297 816 1360 perignem

143 1389 277 1452 praecipiti
291 1388 351 1436 iecit
363 1384 434 1434 saltu¹
444 1403 495 1449 qua
508 1387 633 1449 plurimus
646 1387 746 1434 undam

143 1479 228 1525 firmus
247 1478 302 1537 agit
316 1475 460 1537 nebulaque
479 1476 570 1536 ingens
584 1489 674 1537 specus
688 1482 793 1525 aestuat
806 1484 873 1526 atra.

143 1567 185 1615 hie
199 1566 297 1615 Cacum
310 1566 336 1612 in
351 1564 462 1612 tenebris
475 1565 595 1612 incendia
607 1578 674 1611 vana
688 1572 839 1613 vomentem

72 1661 124 1704 260
144 1655 250 1717 corripit
262 1654 287 1700 in
302 1653 399 1700 nodum
413 1653 554 1715 conplexus
568 1659 593 1701 et
605 1653 678 1713 angit
690 1652 833 1702 inhaerens

143 1745 219 1792 elisos
233 1743 322 1791 oculos
337 1749 362 1790 et
374 1742 470 1790 siccum
483 1741 609 1803 sanguine
622 1747 719 1802 guttur.

143 1833 264 1895 panditur
277 1832 406 1892 extemplo
420 1830 517 1877 foribus
532 1831 622 1876 domus
636 1836 692 1876 atra
705 1831 816 1878 revolsis

143 1921 338 1981 abstractaeque
351 1919 428 1966 boves
442 1918 625 1980 abiurataeque
641 1918 747 1980 rapinae

144 2010 216 2056 caelo
230 2009 399 2056 ostenduntur
412 2007 571 2070 pedibusque
584 2007 694 2054 informe
708 2008 822 2058 cadaver

72 2103 122 2146 265
143 2097 308 2160 protrahitur.
338 2103 469 2158 nequeunt
482 2096 579 2157 expleri
594 2096 672 2143 corda
686 2097 786 2144 tuendo

143 2185 262 2234 terribilis
277 2186 374 2242 oculos,
390 2185 486 2231 voltum
500 2184 642 2245 villosaque
655 2184 732 2231 saetis

143 2282 249 2337 pectora
261 2273 372 2322 semiferi
386 2280 463 2335 atque
477 2273 602 2320 extinctos
617 2272 734 2319 faucibus
748 2273 830 2334 ignis.

143 2378 175 2411 ex
188 2363 233 2410 illo
247 2361 390 2410 celebratus
403 2362 487 2409 honos
501 2361 612 2422 laetique
625 2360 738 2408 minores

141 2465 273 2501 servavere
287 2450 354 2497 diem
367 2449 516 2511 primusque
530 2449 639 2496 Potitius
653 2455 743 2495 auctor

55 2545 112 2594 270
130 2551 159 2594 et
172 2545 268 2595 domus
282 2541 410 2594 Herculei
424 2548 512 2590 custos
521 2538 632 2587 Pinaria
642 2536 718 2581 aean,

116 2637 194 2692 lianc
208 2657 289 2693 aram
305 2640 371 2692 11100
386 2635 496 2691 statuit,
514 2641 584 2692 quae
597 2623 716 2671 maxima
725 2631 830 2673 semper
