1816 2956
323 179 347 214 P.
366 176 486 215 vnnfflhr
506 176 636 215 MARONIS

153 335 264 397 pignora
276 348 337 381 cara
349 333 404 380 sui:
427 347 493 396 quae
506 347 575 382 nunc
588 347 636 394 ego
650 333 740 382 limine
753 334 860 398 inipso,

153 429 228 481 terra,
244 421 290 469 tibi
304 421 415 480 mand0;
430 420 524 469 dehent
536 421 599 470 haec
613 423 723 484 pignora
734 422 874 486 Daphnim.

189 511 273 558 ducite
291 510 322 558 ab
342 510 405 558 urbe
424 511 544 568 domum,
566 525 624 558 mea
642 511 774 571 carmina,
798 512 876 560 ducite

452 598 594 660 Daphnim.

100 692 133 734 95
153 687 200 735 has
213 687 304 736 herbas
317 695 395 749 atque
408 687 472 736 haee
485 687 569 734 Ponto
583 687 645 735 mihi
659 687 727 735 lecta
739 702 842 738 venena

152 777 207 838 ipse
221 777 291 823 dedit
302 775 398 823 Moeris
412 774 564 837 (nascuntur
576 775 689 837 plurima
700 775 812 840 Ponto),

153 864 192 911 his
206 879 254 925 ego
267 878 344 926 saepe
357 864 448 926 lupum
461 863 515 911 fieri
529 870 593 912 etse
608 864 718 912 condere
732 864 807 913 silvis

153 953 270 1012 Moerim,
286 967 362 1015 saepe
375 953 474 1000 animas
488 952 545 1000 imis
559 952 643 1000 excire
656 953 804 1014 sepulchris

154 1049 230 1104 atque
244 1047 311 1088 satas
325 1041 377 1089 alio
390 1041 442 1088 vidi
455 1041 588 1089 traducere
601 1042 698 1089 messis.

86 1135 134 1177 100
189 1131 273 1179 ducite
292 1130 323 1177 ab
343 1129 405 1177 urbe
424 1129 544 1187 domum,
567 1144 625 1177 mea
642 1129 775 1190 carmina,
798 1131 876 1180 ducite

453 1217 594 1279 Daphnim.

154 1307 192 1355 ier
204 1307 311 1365 eineres,
327 1306 463 1368 Amarylii‚
479 1305 548 1353 foras
561 1305 667 1368 rivoque
679 1305 769 1355 fluenti

153 1402 274 1458 transque
299 1402 377 1458 caput
400 1395 470 1452 iace,
498 1408 546 1442 nee
570 1393 721 1456 respexeris.
767 1395 810 1445 his
824 1409 876 1458 ego

453 1482 587 1544 Daphnim

154 1572 305 1633 adgrediar3
326 1571 391 1620 nihil
404 1571 449 1618 ille
462 1571 532 1629 deos,
548 1571 584 1618 nil
599 1571 713 1618 earmina
727 1581 812 1621 curae

189 1661 274 1708 ducite
291 1660 323 1708 ab
342 1659 405 1708 urhe
425 1660 544 1716 domurn,
566 1674 625 1707 mes
643 1661 776 1720 carmina,
800 1662 878 1711 ducite

454 1747 594 1810 Daphnim.

86 1845 134 1888 105
155 1839 249 1902 aspice,
266 1837 389 1899 corripuit
402 1837 517 1885 tremulis
532 1836 623 1883 altaria
635 1836 745 1884 flammis

155 1934 247 1990 sponte
258 1941 312 1984 sua,
327 1927 389 1972 dum
399 1924 465 1973 ferre
477 1940 572 1984 moror,
587 1925 722 1987 cinisipse.
733 1924 835 1975 bonum
841 1926 877 1974 sic

156 2015 297 2074 credimus,
317 2029 351 2062 an
368 2014 411 2077 qui
425 2020 514 2061 amant
525 2013 573 2075 ipsi
587 2013 635 2060 sibi
649 2013 751 2061 somnia
763 2013 879 2078 fingunt?

155 2104 241 2153 nescio
256 2104 317 2165 quid
332 2109 399 2152 certe
412 2110 464 2151 est:
480 2108 506 2150 et
517 2101 603 2164 Hylax
615 2102 642 2148 in
655 2101 744 2149 iimina
758 2101 848 2152 latrat.

154 2193 266 2256 parcite,
293 2191 325 2240 uh
350 2190 413 2239 urbe
437 2191 520 2248 venit,
546 2191 598 2237 iam
617 2189 727 2251 parcite,
756 2193 878 2250 carmine,

454 2279 581 2340 Daphnis.

456 2503 469 2511 n«
489 2502 559 2510 -·-1-

892 39 903 253 l

901 2174 907 2195 l
