1816 2956
332 204 451 246 ECLOGA
469 206 489 245 1.

82 365 132 428 ipsi
146 372 170 413 te
183 361 276 422 fontes,
291 363 348 426 ipsa
360 363 424 411 haec
438 365 543 413 arbusta
555 360 691 409 vocabant.
754 362 757 369 '

36 460 63 502 to
82 469 106 502 r.
129 452 198 513 Quid
212 453 344 501 facerem?
363 467 447 517 aeque
460 453 563 504 servitio
577 464 617 499 me
632 449 702 497 exire
715 448 811 497 licebat

81 556 130 591 nec
143 548 196 589 tam
208 543 351 604 praesentIs
364 543 426 591 alibi
440 554 598 604 cognoscere
611 538 692 585 divos.

83 630 125 678 hic
138 630 212 679 illam
224 631 276 677 ridi
290 631 416 690 iuvenem,
431 631 568 687 Meliboee,
583 625 735 691 quotannis

83 718 210 767 bissenos
224 719 264 767 cui
278 727 366 768 nostra
379 721 433 769 dies
447 720 539 768 altaria
551 718 659 765 sumant.

82 805 126 854 hic
139 807 201 853 mihi
215 821 367 870 responsam
380 809 478 871 primus
492 808 563 856 dedit
575 807 619 855 ilie
631 803 737 867 petenti,

35 900 62 943 15
78 885 198 958 ‘pascite
213 902 242 943 ut
254 903 323 954 ante,
338 897 425 955 boves,
440 897 528 960 pueri;
548 893 689 943 submittite
702 879 811 938 tauros.'

82 999 111 1032 n.
133 983 273 1032 Fortunate
286 999 373 1044 senex,
388 1000 451 1047 ergo
464 992 509 1032 tua
521 999 582 1032 rara
593 981 742 1030 manebunt.

83 1080 108 1120 et
121 1072 167 1119 tibi
181 1087 277 1134 magna
289 1074 359 1132 satis,
375 1075 492 1137 quamvis
505 1073 571 1135 lapis
584 1070 672 1118 omnia
684 1068 768 1115 nudus

83 1161 229 1223 limosoque
241 1163 316 1224 palus
329 1162 442 1211 obducat
454 1176 551 1225 pascua
562 1160 648 1207 iunco.

84 1263 137 1295 noa
151 1249 252 1297 insuete
265 1251 350 1311 gravis
363 1251 525 1314 temptabunt
537 1248 633 1312 pabala
645 1246 719 1304 setas,

35 1341 65 1384 to
83 1351 132 1385 nec
145 1339 215 1384 mala
227 1339 303 1386 vicini
318 1340 418 1401 pecoris
431 1338 553 1399 contagia
564 1337 676 1384 laedent.

83 1426 213 1474 fortunate
226 1441 314 1486 senex,
331 1427 372 1476 bic
385 1428 452 1476 inter
464 1427 571 1475 flumina
584 1431 645 1472 nota

83 1521 111 1563 et
122 1515 202 1562 fontis
214 1530 302 1564 sacros
315 1516 395 1578 frigus
409 1515 524 1579 captabis
538 1528 656 1577 opacum.

85 1603 147 1651 hinc
160 1603 215 1661 tibi,
231 1619 297 1665 (puae
311 1619 420 1667 semper,
435 1605 519 1652 vicino
534 1603 565 1651 ab
579 1603 660 1650 limite
674 1614 763 1662 saepes

85 1691 208 1753 Hyblaeis
222 1692 313 1754 apibus
325 1694 414 1742 florem
428 1695 535 1756 depasta
548 1691 630 1740 salicti

35 1786 64 1829 55
84 1795 162 1843 saepe
176 1781 223 1829 levi
237 1796 356 1829 somnum
369 1781 488 1831 suadebit
500 1780 566 1828 inire
579 1793 693 1837 susurro,

84 1868 146 1918 hinc
159 1870 213 1917 alta
226 1869 273 1917 sab
286 1885 350 1932 rape
363 1877 440 1919 canet
451 1870 589 1917 frondator
601 1870 632 1915 ad
648 1881 737 1915 auras:

84 1972 133 2006 nec
145 1966 230 2006 tamen
244 1959 343 2007 interea
355 1973 457 2017 raucae,
473 1966 518 2005 tua
531 1972 601 2015 rara,
616 1955 750 2019 palumbes

86 2061 133 2095 nec
147 2061 249 2108 gemere
263 2047 333 2095 aeria
346 2047 457 2095 cessabit
468 2053 552 2094 turtur
565 2045 596 2092 ab
610 2045 690 2093 ulmo.

83 2150 107 2182 r.
129 2136 199 2183 Ante
212 2135 279 2183 leves
293 2150 354 2196 ergo
367 2142 505 2198 pascentur
518 2135 544 2181 in
558 2134 661 2182 aethere
674 2133 749 2189 cervi,

34 2229 64 2272 50
85 2231 110 2272 et
122 2223 188 2271 freta
201 2224 339 2271 destituent
351 2224 434 2271 nudos
448 2224 474 2270 in
488 2224 562 2271 litore
576 2223 667 2285 pisces,

85 2318 145 2360 ante
158 2313 293 2374 pererratis
306 2312 441 2359 amborum
455 2312 549 2359 finibus
563 2311 634 2359 exsui

85 2408 130 2448 aut
142 2401 246 2448 Ararim
260 2399 369 2448 Parthus
383 2401 454 2448 bibct
466 2408 510 2447 aut
524 2399 664 2447 Germania
676 2397 775 2459 Tigrim

85 2504 164 2551 quam
178 2495 265 2535 nostro
279 2488 348 2536 illius
360 2489 464 2537 labatur
475 2496 581 2554 pectore
594 2489 692 2539 voitns.

76 2591 104 2620 a.
124 2577 221 2618 Atros
231 2574 292 2621 nino
304 2577 352 2624 alii
362 2578 480 2632 sitientis
493 2583 595 2636 ibimus
614 2584 711 2645 diros,

34 2657 43 2692 t
53 2653 256 2713 pmSeythr'am
270 2670 300 2710 et
309 2668 442 2730 rapidam
452 2675 562 2732 Cretae
575 2674 828 2733 venicmiisoffi
