1816 2956
273 186 420 227 neustrios
436 188 523 228 LIBER
539 188 593 259 XIJ.
768 181 826 227 513

106 359 227 406 armaque
240 344 380 406 deposuere
394 345 495 392 umeris.
523 352 608 406 stupet
621 347 675 407 ipse
688 344 796 393 Latinus

105 433 224 493 ingentis,
240 434 341 494 genitos
356 434 460 480 diversis
474 433 588 494 partibus
602 433 680 492 orbis,

104 521 170 569 inter
182 536 209 569 se
223 523 315 569 coiisse
328 523 394 569 viros
408 530 434 569 et
446 535 548 570 cernere
562 522 639 569 ferro.

57 614 84 657 10
105 617 180 672 atque
193 611 242 668 illi,
259 617 286 656 ut
299 624 379 657 vacuo
393 617 531 672 patuerunt
543 624 656 671 aequore
669 610 763 672 campi,

104 713 228 760 procursu
242 698 342 760 rapido,
358 697 479 745 coniectis
493 698 592 745 eminus
605 698 694 756 hastis,

103 787 228 833 invadunt
240 787 349 833 Martem
363 787 451 847 clipeis
465 793 542 848 utque
556 800 614 834 uere
627 799 731 833 sonoro.

105 874 149 920 dat
161 874 285 934 gemitum
299 875 383 921 telius.
412 882 465 922 tum
479 875 581 922 crebros
595 873 699 922 ensibus
712 874 778 922 ictus

104 962 303 1021 congeminatum
324 962 376 1008 fors
390 970 415 1010 et
427 963 504 1010 virtus
517 963 657 1010 miscentur
669 963 696 1009 in
709 977 798 1010 unum.

57 1053 83 1095 15
105 1064 134 1096 ac
147 1050 216 1096 velut
228 1050 326 1110 ingenti
341 1048 394 1097 Sile
407 1065 538 1098 summove
548 1050 671 1099 Taburno

105 1153 163 1184 cum
177 1138 227 1184 duo
242 1138 370 1185 conversis
383 1138 488 1187 inimica
500 1139 527 1185 in
540 1140 639 1200 proelia
652 1139 718 1186 tauri

104 1226 230 1274 frontibus
243 1227 393 1285 incurrunt;
413 1226 498 1289 pavidi
512 1242 610 1276 cessere
626 1227 757 1288 magistri3

103 1323 154 1363 stat
166 1330 243 1378 pecus
257 1329 334 1362 omne
347 1321 415 1362 metu
429 1320 527 1361 mutum
535 1315 830 1377 mussantqueiuvencuc

104 1404 161 1466 quis
175 1404 274 1451 nemori
287 1403 423 1465 imperitet,
437 1417 513 1465 quern
527 1410 581 1451 tota
594 1410 710 1451 armentu
723 1418 832 1465 sequun-

404 1498 461 1550 tur3

57 1586 84 1628 to
104 1581 142 1628 illi
156 1582 222 1629 inter
234 1596 290 1629 sese
303 1582 384 1628 multu
396 1581 419 1627 vi
434 1581 539 1628 volnera
551 1579 660 1626 miscent

104 1684 251 1730 cornuaque
266 1669 355 1717 obnixi
368 1669 479 1729 infigunt
492 1677 517 1716 et
529 1667 655 1728 sunguine
669 1667 741 1728 largo

104 1758 172 1805 colla
191 1772 328 1819 armosque
348 1758 450 1815 lavent3
470 1756 567 1817 gemitu
587 1769 676 1802 nemus
697 1770 773 1804 omne
793 1770 830 1804 re-

404 1845 500 1905 mugit:

103 1947 155 1979 uon
169 1932 243 1980 aliter
256 1932 321 1979 Tros
334 1933 437 1980 Aeneas
451 1940 476 1980 et
488 1932 605 1979 Daunius
618 1932 694 1980 heros

103 2028 259 2068 concurrunt
272 2021 377 2083 clipeis3
392 2021 483 2082 ingens
496 2022 584 2082 fragor
597 2020 701 2068 aethere
715 2019 827 2082 conplet.

57 2115 82 2156 25
102 2109 217 2171 Iuppiter
230 2109 284 2170 ipse
298 2111 361 2157 duas
375 2119 485 2172 acquuto
499 2109 617 2158 examine
631 2109 717 2156 lances

102 2198 211 2245 sustinet
223 2205 248 2244 et
260 2197 313 2245 satu
325 2198 427 2260 inponit
439 2199 539 2246 diversa
552 2199 670 2255 duorum,

103 2301 179 2349 quem
194 2286 298 2333 damnet
310 2285 383 2333 labor
397 2294 422 2334 et
434 2302 485 2349 quo
499 2294 587 2347 vergat
599 2287 713 2348 pondere
726 2286 814 2333 letum.

103 2376 196 2423 emicat
209 2375 264 2441 Ιιίο,1
276 2375 371 2435 inpune
384 2381 485 2435 putens,
501 2381 527 2422 et
539 2388 646 2436 corpore
660 2381 713 2421 toto

103 2464 154 2510 ulte
166 2463 296 2511 sublatum
310 2462 442 2522 consurgit
453 2462 556 2509 Turnus
569 2463 597 2508 in
610 2476 697 2509 ensem

57 2557 83 2598 ΞΟ
103 2558 128 2598 et
141 2551 206 2598 ferit.
234 2552 381 2599 exclamant
393 2550 473 2598 Troes
487 2550 632 2613 trepidique
645 2549 740 2607 Latini,

102 2646 268 2701 arrectaeque
281 2638 415 2685 amborum
428 2639 504 2686 acies.
532 2646 558 2686 ut
570 2639 683 2700 perfidus
696 2637 764 2686 ensis

86 2721 209 2777 Vergilius.
631 2720 667 2767 33
