1816 2956
268 192 416 233 sanamus
440 192 528 232 LIBER
544 192 598 232 xil.
769 182 827 231 497

105 351 132 398 in
146 351 313 413 caputinque
326 365 437 398 umeros.
466 356 493 397 at
505 348 616 397 fervidus
629 349 735 397 advolat
746 348 820 397 hasta

104 441 236 504 Messapus
250 440 354 502 teloque
368 446 484 486 orantem
498 437 578 485 multa
591 437 683 485 trabali

57 534 84 576 >5
105 528 214 592 desuper
225 530 292 582 altus
305 542 373 590 equo
386 527 497 589 graviter
510 525 568 574 ferit
580 532 658 588 atque
670 525 707 573 ita
719 525 796 583 fatur,

103 617 165 666 ‘hoc‘
174 618 260 676 habet,
276 616 340 665 haec
353 616 444 664 melior
456 615 557 676 magnis
570 615 631 661 data
637 614 741 678 victima
748 604 831 661 divis'

104 711 260 753 concurrunt
272 705 330 754 Itali
344 705 508 767 spoliantque
521 702 634 752 calentia
645 701 769 750 membra.

104 793 193 841 obvius
207 793 352 841 ambustum
365 800 460 841 torrem
473 790 622 854 Corynaeus
636 790 668 838 ab
682 805 727 837 ara

105 881 211 943 corripit
224 888 249 929 et
260 881 373 930 venienti
385 881 470 943 Ebyso
485 881 641 944 plagamque
654 878 743 927 ferenti

57 975 85 1017 >0
105 976 216 1030 occupat
228 983 256 1017 os
270 969 393 1017 flammis:
416 969 461 1017 olli
475 969 565 1029 ingens
579 966 659 1015 barba
671 967 767 1015 reluxit

105 1057 272 1120 nidoremque
285 1057 402 1106 ambusta
415 1057 500 1116 dedit3
521 1071 597 1119 super
609 1056 664 1118 ipse
677 1062 779 1105 secutus

106 1145 246 1194 caesariem
259 1146 329 1193 laeva
343 1144 437 1193 turbati
451 1145 557 1208 corripit
570 1145 649 1193 hostis

104 1234 272 1297 inpressoque
285 1247 353 1295 genu
366 1233 450 1281 nitens
464 1241 545 1282 terrae
558 1233 673 1296 adplicat
684 1233 768 1296 ipsum
779 1250 785 1292 3

104 1323 141 1371 sic
154 1323 238 1385 rigido
252 1323 318 1370 latus
332 1336 393 1370 ense
405 1321 471 1371 ferit.
498 1321 646 1371 Podalirius
659 1322 761 1380 Alsum,

57 1416 84 1461 >5
105 1418 243 1474 pastorem,
258 1411 393 1475 primaque
405 1411 462 1460 acie
474 1425 519 1474 per
532 1411 585 1459 tela
597 1417 722 1469 ruentem,

104 1514 164 1550 ense
177 1514 286 1563 sequens
300 1501 370 1548 nudo
383 1500 591 1563 superimminet:
613 1499 659 1547 ille
671 1499 753 1547 securi

103 1590 202 1638 adversi
217 1590 327 1639 frontem
340 1589 452 1638 mediam
465 1593 632 1649 mentumque
645 1587 750 1636 reducta

104 1679 189 1726 disicit
201 1685 227 1725 et
238 1692 327 1740 sparso
342 1678 393 1725 late
406 1677 474 1738 rigat
485 1690 558 1736 arma
570 1689 669 1724 cruore.

104 1766 148 1813 olli
162 1765 227 1812 dura
240 1765 312 1827 quies
326 1765 415 1812 oculos
429 1772 454 1813 et
466 1763 562 1811 ferreus
576 1769 669 1824 urguet

57 1859 83 1903 ιο
103 1867 217 1911 somnus,
233 1853 260 1900 iu
274 1860 405 1901 aeternam
418 1852 575 1899 clauduntur
587 1852 686 1903 lumina
698 1859 808 1900 noctem.

139 1942 174 1989 At
187 1941 244 2003 pius
257 1941 359 1990 Aeneas
373 1939 490 1989 dextram
502 1939 623 1990 tendebat
634 1941 758 1991 inermem

103 2029 200 2076 nudato
214 2029 297 2091 capite
310 2035 387 2090 atque
400 2041 460 2076 suos
474 2029 585 2080 clamore
597 2029 713 2079 vocabat.

99 2107 163 2179 ‘quo
176 2116 267 2164 ruitis?
286 2130 382 2179 quaeve
395 2116 445 2164 ista
457 2131 548 2180 repens
561 2118 690 2167 discordia
703 2113 800 2176 surgit?

103 2220 118 2253 o
132 2205 250 2254 cohibete
262 2204 329 2253 irasl
349 2205 428 2253 ictum
441 2205 493 2254 iam
506 2207 595 2256 foedus
609 2213 634 2254 et
647 2220 735 2253 omnes

57 2301 81 2344 Δ5
102 2294 252 2357 conpositae
265 2294 343 2355 leges.
370 2293 434 2341 mihi
450 2294 488 2343 ius
501 2307 653 2345 concurrere
666 2294 731 2351 soli3

102 2398 142 2432 me
156 2383 240 2441 sinite,
257 2388 333 2444 atque
347 2381 443 2432 auferte
456 2392 547 2434 metus.
575 2395 624 2442 ego
638 2381 743 2429 foedera
754 2380 815 2427 faxo

102 2472 175 2519 firma
188 2485 283 2531 manu3
304 2471 420 2519 Turnum
433 2469 657 2522 debenthaociam
663 2469 726 2516 mihi
735 2460 828 2516 sacra.’

101 2560 147 2608 has
160 2559 227 2608 inter
239 2574 320 2619 voces,
335 2561 423 2611 media
435 2562 504 2611 inter
516 2557 585 2608 talia
594 2555 690 2615 verpa,

89 2660 148 2692 eece
163 2648 215 2693 viro
227 2648 343 2700 stridens
355 2652 409 2704 alis
424 2651 545 2715 adlapsa
559 2645 706 2710 sozimi,

60 2723 180 2778 Vergilius.
665 2727 711 2775 ‘32
