1816 2956
220 349 367 390 anunrnos
384 350 472 390 aruns
486 351 540 391 xu.
721 339 780 388 tlt

55 507 175 556 fulminat
187 509 289 557 Aeneas
303 508 381 557 armis
395 522 560 570 summasque
572 509 685 556 nunatnr

10 601 36 644 55
57 597 214 645 deiecturum
227 612 299 646 arces
311 597 407 645 Italum
421 596 574 658 excidioque
587 598 716 654 daturum,

55 686 158 748 iamque
171 687 240 734 faces
254 687 287 733 ad
301 693 368 733 tecta
380 665 476 732 uolunt.
504 685 531 732 in
544 693 568 734 te
582 701 627 734 orn
640 685 735 744 Latini,

55 776 82 822 in
96 783 119 823 te
133 776 223 823 oculos
237 774 365 833 referunt3
386 781 484 821 mussat
497 788 542 821 rex
555 774 610 836 ipsc
623 774 731 822 Latinus

56 879 120 926 quos
133 878 242 924 generos
255 871 329 910 vocet
342 871 386 910 aut
399 877 464 925 qnae
472 877 528 911 sese
535 863 567 911 ad
576 863 681 912 foedera
688 863 780 911 flectat.

55 959 188 1014 praetcrea
201 952 299 1013 regina,
316 952 352 999 tui
366 953 498 1011 fidissima,
515 953 605 1000 deutra

10 1045 36 1087 30
56 1041 151 1088 occidit
163 1041 220 1103 ipsa
233 1056 279 1088 sua
293 1042 428 1104 lucemque
442 1043 563 1090 exterrita
577 1042 650 1101 fugit.

56 1128 103 1175 soli
117 1143 164 1190 pro
178 1129 258 1190 portis
271 1129 404 1190 Messapus
419 1138 444 1178 st
457 1145 515 1178 acer
528 1129 620 1176 Atinas

56 1223 199 1264 sustentant
212 1217 289 1264 acies.
318 1217 413 1265 circum
426 1218 473 1264 hos
488 1218 616 1280 utrimque
630 1218 771 1280 phalanges

56 1311 125 1351 stant
138 1304 232 1352 densae
245 1304 390 1367 strictisque
404 1320 476 1367 seges
489 1306 654 1354 mucronibus
669 1306 756 1354 horret
819 1373 820 1376 Ἴ

57 1394 154 1441 ferrea:
176 1401 204 1440 tu
218 1408 320 1441 currum
333 1394 433 1442 deserto
448 1395 473 1441 in
487 1395 604 1456 gramine
617 1387 721 1444 vcrsas.'

10 1487 35 1529 55
56 1483 180 1544 obstipuit
191 1483 263 1530 traria
276 1483 399 1530 confusus
412 1483 527 1544 imagine
540 1498 625 1531 rerum

56 1572 166 1631 Turnus,
183 1580 208 1620 et
221 1571 311 1619 obtutu
325 1573 403 1621 tacito
417 1573 494 1620 stetit.
523 1580 622 1620 aestuat
634 1573 725 1634 ingens

57 1677 109 1708 uuo
122 1662 149 1708 in
163 1663 240 1710 corde
253 1663 338 1724 pudor
351 1663 482 1724 mixtoque
495 1662 597 1709 insania
610 1662 681 1709 luctu

57 1757 81 1797 et
94 1751 166 1797 tui-iis
180 1752 291 1813 agitatus
305 1766 379 1799 amor
392 1760 416 1800 ct
430 1751 534 1799 conscia
547 1751 634 1797 virtus.

57 1846 85 1884 ut
97 1839 207 1900 primum
222 1840 351 1888 discussae
365 1841 470 1888 umbrae
485 1848 510 1888 et
522 1841 567 1887 lux
581 1839 682 1886 reddita
691 1839 783 1898 menti,

10 1930 36 1973 {0
57 1928 168 1974 ardentis
183 1929 318 1975 oculorum
332 1928 400 1974 orbis
414 1929 445 1976 ad
460 1929 564 1976 moenia
576 1928 650 1975 torsit

57 2014 173 2061 turbidus
188 2030 252 2076 eque
266 2016 328 2062 rotis
342 2031 464 2077 magnam
477 2017 590 2078 respexit
602 2017 633 2063 ad
649 2015 745 2064 urbem.

11 2130 15 2138 ι
56 2117 115 2150 ecce
129 2110 215 2150 autem
228 2105 336 2151 flammis
350 2105 546 2153 iuter-tabulata
558 2105 660 2152 volutus

57 2192 88 2237 ad
104 2193 204 2238 caelum
218 2193 332 2239 undabat
344 2201 431 2241 vertex
445 2195 585 2255 turrimque
599 2194 710 2253 tenebat,

57 2281 147 2326 turrim
161 2282 300 2343 compactis
314 2283 429 2329 trabibus
443 2299 519 2345 quam
534 2283 659 2331 eduxerat
671 2284 725 2346 ipse

10 2373 36 2416 35
56 2368 256 2431 subdideratque
270 2378 338 2418 rotas
352 2373 490 2434 pontisque
503 2373 654 2420 instraverat
668 2373 741 2420 altos.

53 2448 255 2517 ‘iamia1nfata‚
272 2474 353 2518 soror,
369 2468 505 2522 superant:
527 2461 620 2509 absiste
634 2462 744 2521 morari;

56 2561 107 2607 quo
122 2547 183 2593 deus
197 2554 222 2594 et
235 2562 286 2609 quo
301 2549 366 2595 daura
378 2557 453 2596 vocat
466 2550 580 2597 Fortuna
593 2565 738 2612 sequamur.

55 2641 105 2681 stat
118 2635 233 2683 conferre
247 2651 352 2684 inanum
365 2639 483 2695 Aeneae,
505 2646 556 2687 stat
574 2639 700 2701 quidquid
714 2654 783 2686 acer-

358 2725 408 2774 bist

54 2819 136 2860 morte
149 2813 217 2875 pati;
232 2827 316 2876 neque
329 2829 370 2864 me
377 2815 533 2875 indecorem,
542 2830 675 2879 gennano,
685 2815 782 2863 videbis
