1816 2956
348 178 456 217 (intur.
739 170 796 215 541

106 336 161 383 Iarn
176 336 258 397 quatit
271 343 295 382 et
308 335 402 396 biiugis
416 336 500 382 oriens
514 335 618 382 Erebeis
632 350 711 396 equos
725 334 783 382 Nox

74 432 99 473 et
111 426 184 487 piger
198 431 288 472 aurata
302 424 417 486 procedit
430 424 528 486 Vespcr
542 424 573 471 ab
589 423 662 480 Oete,

74 529 132 561 curn
144 527 223 574 grege
236 514 370 575 compulso
384 520 479 574 pastor,
493 512 683 574 ‹iupiicautibus
694 512 798 571 umbris,

29 607 53 650 )5
74 603 144 650 vadit
157 609 181 649 et
193 602 221 648 in
234 601 314 648 fessos
327 601 443 663 requiem
456 601 516 648 dare
530 608 664 663 comparat
677 608 755 648 artus.

45 732 49 737 .
75 691 146 738 cuius
160 698 188 737 ut
201 690 304 737 intravit
316 691 397 737 levior
409 705 455 752 per
468 705 577 752 corpora
590 704 704 748 somnus,

75 778 251 841 languideque
264 779 345 826 effuso
359 779 508 840 requierunt
520 778 635 826 membru
648 793 741 840 sopore

74 867 171 928 effigies
185 869 217 914 ad
232 882 290 916 eum
304 868 393 915 culicis
408 867 509 915 devenit
522 875 546 915 ct
558 868 595 915 illi

74 956 152 1003 tristis
166 956 197 1004 ab
212 964 302 1004 eventu
317 957 409 1004 cecinit
422 956 538 1004 convicia
550 955 648 1003 mortis.

29 1051 55 1092 [0
71 1035 115 1094 ‘en
129 1038 199 1108 quid'
211 1046 247 1092 nit
256 1035 372 1092 ‘meritus
387 1045 418 1092 sd
433 1060 499 1106 quae
513 1045 612 1092 deintus
626 1043 730 1092 acerbas

75 1149 155 1195 cogor
168 1134 238 1183 edire
252 1134 336 1182 vices?
355 1141 400 1180 tun
414 1134 475 1181 dum
488 1133 551 1180 mihi
566 1135 650 1181 carior
662 1135 719 1197 ipsu

74 1223 126 1270 rita
139 1222 187 1269 fuit
199 1223 258 1281 vita,
275 1223 361 1285 rupior
374 1238 419 1285 per
434 1223 523 1270 innuis
536 1223 640 1270 Averni.

74 1318 102 1358 tu
114 1313 198 1359 lentus
212 1312 309 1359 refoves
323 1312 436 1359 iucunda
449 1311 564 1359 membra
577 1311 671 1374 quiete,

74 1406 175 1462 ereptus
188 1401 276 1448 taetris
290 1415 303 1448 e
317 1400 433 1448 cladibus
444 1417 450 1458 3
472 1407 498 1448 at
510 1415 568 1448 mee
581 1414 670 1448 munes

29 1493 54 1535 15
74 1487 171 1535 viscere
184 1488 311 1536 Lethaeas
326 1496 422 1550 cogunt
435 1496 567 1536 transnare
582 1503 627 1551 per
639 1489 730 1536 nudus.

73 1577 171 1640 praede
184 1575 322 1625 Charontis
341 1592 412 1639 agor.
439 1578 514 1625 viden
532 1585 561 1624 ut
572 1578 709 1638 flagrantia
721 1577 802 1625 taedis

74 1666 165 1714 iimina
179 1667 317 1714 conlucent
329 1666 435 1714 infernis
449 1666 537 1713 omnis
550 1666 670 1728 templis?

75 1753 150 1801 obv-is
162 1754 314 1816 Tisiphone,
329 1755 489 1817 serpentibus
503 1755 617 1817 undique
631 1761 742 1817 compta,

75 1849 100 1891 et
113 1843 228 1890 flammas
242 1849 268 1891 et
280 1858 356 1892 saeva
370 1845 452 1905 quatit
465 1844 527 1890 mihi
541 1844 654 1892 verbera.
683 1857 751 1905 poue

29 1937 55 1978 20
76 1930 201 1980 Cerberus
215 1938 240 1978 et
253 1931 314 1978 diris
327 1931 448 1978 lutruntin
462 1931 567 1978 rictibus
582 1946 636 1989 ore,

76 2020 203 2082 anguibus
217 2019 277 2067 hinc
291 2027 368 2081 atque
381 2020 441 2066 hinc
453 2020 606 2067 horrentcui
615 2019 801 2078 contemtionis,

75 2110 262 2170 sanguineique
276 2109 373 2156 micant
386 2108 503 2156 ardorem
518 2109 622 2156 luminis
635 2108 719 2156 orbes.
757 2137 759 2140 -

75 2197 134 2256 heu,
151 2198 212 2260 quid
227 2197 258 2243 ub
273 2197 359 2244 officio
374 2197 488 2257 digresso
501 2204 539 2245 est
551 2198 643 2258 gratia,
660 2212 718 2245 cnm
732 2204 756 2244 te

75 2286 174 2334 restitui
189 2286 288 2347 superis
302 2286 345 2333 leti
361 2287 411 2333 ianr
425 2287 512 2333 limine
527 2285 647 2348 abipso?

29 2379 55 2422 25
75 2375 190 2437 praemia
203 2380 263 2421 sunt
275 2374 377 2436 pietatis
391 2374 443 2432 ubi,
459 2375 561 2436 pictatis
574 2373 703 2421 honores?

75 2463 101 2510 in
116 2478 193 2511 venas
208 2463 293 2510 abiere
306 2463 372 2510 vices
386 2470 411 2510 ct
423 2478 481 2511 rure
494 2463 597 2511 recessit

76 2551 173 2598 iustitia
186 2559 211 2598 et
223 2552 294 2614 prior
308 2552 353 2599 illa
366 2552 438 2598 fides,
465 2551 588 2598 instantia
602 2551 648 2598 vici

76 2638 189 2696 alterius,
206 2641 260 2687 siue
274 2648 461 2702 respectantes
475 2641 527 2688 t'utn
540 2640 688 2700 relinquens
