1816 2956
309 177 457 216 asuurnos
475 177 563 215 urana
577 176 607 216 11.
796 165 859 215 185>

127 333 271 381 Ascanium
283 342 434 396 patremque
447 348 533 381 meum
546 332 669 395 iuxtaque
684 331 808 381 Creusam

128 423 238 471 alterum
251 422 277 468 in
292 422 396 470 alterius
410 429 536 470 mactatos
550 422 676 483 sanguine
690 422 810 470 cernam?

127 525 208 569 arma,
224 511 280 569 viri,
295 507 359 559 ferte
372 526 459 569 arma3
480 518 554 558 vocat
568 511 613 557 lux
626 511 717 560 ultima
730 512 819 560 victos.

126 601 227 650 reddite
238 613 280 647 me
292 599 401 659 Danais,
417 600 492 647 sinite
506 600 647 647 instaurata
660 600 769 649 revisam

56 694 107 740 670
127 690 236 753 proelia.
262 701 404 750 numquam
417 702 506 735 omnes
520 687 597 735 hodie
610 689 750 737 moriemur
762 681 861 738 inulti.'

162 778 230 826 Hine
242 777 310 825 farre
324 776 447 838 accingor
459 791 546 824 rursus
561 776 696 840 clipeoque
709 778 839 827 sinistram

126 866 284 915 insertabam
298 873 389 927 aptans
403 879 495 927 meque
508 872 581 913 extra
593 872 660 914 tecta
673 867 795 915 ferebam.

127 970 187 1005 ecce
200 962 286 1002 autem
299 954 428 1016 conplexa
439 955 517 1016 pedes
530 954 557 1001 in
572 955 660 1002 limine
674 955 789 1002 coniunx

126 1043 250 1092 haerebat
262 1057 420 1106 parvamque
432 1043 499 1104 patri
513 1043 635 1091 tendebat
646 1043 747 1091 Iulum:

55 1137 106 1182 ⁶75
126 1133 157 1180 ‘si
171 1133 298 1196 periturus
312 1132 376 1190 abis,
392 1138 418 1179 ct
430 1146 477 1179 uos
490 1147 552 1194 rape
565 1133 591 1179 in
606 1132 693 1180 omnia
707 1140 807 1192 tecum3

127 1221 167 1268 sin
181 1221 295 1283 aliquam
308 1228 427 1282 expertus
438 1221 546 1283 sumptis
559 1235 631 1282 spem
641 1220 715 1282 ponis
728 1221 754 1268 in
767 1221 857 1280 armis,

126 1310 195 1358 hanc
207 1310 319 1372 primum
332 1316 415 1357 tutare
428 1308 543 1357 domum.
571 1309 611 1357 cui
626 1324 718 1371 parvos
731 1310 812 1369 Iulus,

127 1398 168 1446 cui
180 1406 253 1462 pater
263 1405 289 1447 et
300 1398 414 1446 coniunx
425 1399 557 1459 quondam
569 1405 613 1446 tua
624 1398 693 1446 dicta
699 1399 861 1462 relinquori’

95 1475 96 1478 Ἴ
162 1487 240 1536 Talia
253 1487 395 1535 vociferans
408 1487 508 1555 gemitu
522 1493 617 1534 tectum
635 1501 712 1535 omne
728 1487 854 1550 replebat,

56 1581 107 1624 680
127 1590 186 1624 cum
198 1574 311 1624 subitum
325 1576 446 1638 dictuque
459 1575 540 1622 oritur
552 1575 670 1624 mirabile
683 1583 835 1624 monstrum.

126 1679 239 1727 namque
257 1679 348 1713 manus
361 1665 428 1712 inter
440 1671 648 1726 maestorumque
662 1680 707 1713 ora
721 1671 860 1727 parentum,

125 1767 187 1802 ecce
199 1753 262 1802 levis
275 1767 375 1800 summo
390 1753 422 1800 ‹le
434 1752 528 1800 vertice
541 1753 608 1800 visus
621 1753 671 1801 luli

126 1841 233 1890 sundere
247 1842 334 1889 lumen
348 1856 414 1904 apex
427 1848 548 1903 tactuque
560 1841 669 1890 innoxia
681 1842 766 1890 mellis

126 1930 240 1979 lambere
253 1931 357 1978 flamma
370 1945 457 1978 comas
471 1937 496 1978 et
508 1931 605 1978 circum
617 1938 734 1992 tempora
747 1931 831 1993 pasci.

53 2024 105 2069 685
126 2033 174 2067 nos
187 2019 273 2082 pavidi
287 2019 414 2082 trepidare
428 2026 497 2066 metu
511 2019 658 2081 crinemque
671 2019 825 2081 flagrantem

126 2117 245 2157 excutere
259 2116 284 2156 et
297 2115 399 2157 sanctos
413 2109 571 2168 restinguere
584 2107 697 2155 lontibus
712 2109 792 2171 ignes.

126 2204 153 2246 at
165 2203 238 2259 pater
250 2197 378 2246 Anchises
392 2197 481 2244 oculos
495 2197 528 2244 ad
542 2196 627 2244 sidera
640 2198 722 2245 laetus

125 2286 219 2334 extulit
232 2293 256 2334 et
269 2286 342 2334 caclo
357 2285 456 2348 palmas
470 2300 529 2333 cum
542 2300 603 2334 voce
616 2287 732 2335 tetendit.

122 2365 248 2437 ‘Iuppiter
261 2375 433 2436 omnipotens,
450 2374 567 2436 precibus
581 2375 602 2422 si
616 2375 724 2423 flecteris
737 2377 807 2435 ullis,

51 2470 105 2514 690
126 2463 215 2526 aspice
225 2478 273 2511 nos
287 2463 337 2510 hoc
350 2469 459 2521 tantum,
475 2470 508 2521 et,
524 2463 545 2511 si
559 2464 654 2526 pietate
667 2479 803 2523 meremur,

125 2553 159 2600 da
178 2552 271 2600 deinde
291 2551 442 2613 augurium,
470 2559 556 2613 pater,
584 2560 661 2614 atquc
685 2553 748 2601 baec
768 2553 858 2603 omina

428 2632 521 2688 firma.’
