<?xml version="1.0" encoding="UTF-8"?>
<!DOCTYPE html PUBLIC "-//W3C//DTD XHTML 1.0 Transitional//EN"
    "http://www.w3.org/TR/xhtml1/DTD/xhtml1-transitional.dtd">
<html xmlns="http://www.w3.org/1999/xhtml" xml:lang="en" lang="en">
 <head>
  <title>
</title>
<meta http-equiv="Content-Type" content="text/html;charset=utf-8" />
  <meta name='ocr-system' content='tesseract 3.04.00' />
  <meta name='ocr-capabilities' content='ocr_page ocr_carea ocr_par ocr_line ocrx_word'/>
</head>
<body>
  <div class='ocr_page' id='page_1' title='image "./pvergiliusmaro01virggoog/pvergiliusmaro01virggoog_0053.png"; bbox 0 0 1816 2956; ppageno 0'>
   <div class='ocr_carea' id='block_1_1' title="bbox 320 162 633 239">
    <p class='ocr_par' dir='ltr' id='par_1_1' title="bbox 320 162 633 239">
     <span class='ocr_line' id='line_1_1' title="bbox 320 162 633 239; baseline 0.003 -1"><span class='ocrx_word' id='word_1_1' title='bbox 320 197 346 238; x_wconf 78' lang='lat' dir='ltr'>P.</span> <span class='ocrx_word' id='word_1_2' title='bbox 363 198 485 238; x_wconf 79' lang='lat' dir='ltr'>VERGILI</span> <span class='ocrx_word' id='word_1_3' title='bbox 502 162 633 239; x_wconf 64' lang='lat' dir='ltr'>minume</span> 
     </span>
    </p>
   </div>
   <div class='ocr_carea' id='block_1_2' title="bbox 82 356 880 2736">
    <p class='ocr_par' dir='ltr' id='par_1_2' title="bbox 82 356 880 2736">
     <span class='ocr_line' id='line_1_2' title="bbox 185 356 877 420; baseline 0.004 -16"><span class='ocrx_word' id='word_1_4' title='bbox 185 356 297 405; x_wconf 90' lang='lat' dir='ltr'>Multum</span> <span class='ocrx_word' id='word_1_5' title='bbox 310 356 375 404; x_wconf 89' lang='lat' dir='ltr'>adeo</span> <span class='ocrx_word' id='word_1_6' title='bbox 389 357 476 404; x_wconf 83' lang='lat' dir='ltr'>metris</span> <span class='ocrx_word' id='word_1_7' title='bbox 488 356 595 418; x_wconf 83' lang='lat' dir='ltr'>glaebas</span> <span class='ocrx_word' id='word_1_8' title='bbox 608 357 652 420; x_wconf 91' lang='lat' dir='ltr'>qui</span> <span class='ocrx_word' id='word_1_9' title='bbox 670 356 768 419; x_wconf 77' lang='lat' dir='ltr'>frangit</span> <span class='ocrx_word' id='word_1_10' title='bbox 785 357 877 407; x_wconf 85' lang='lat' dir='ltr'>inertea</span> 
     </span>
     <span class='ocr_line' id='line_1_3' title="bbox 98 444 878 509; baseline 0.005 -17"><span class='ocrx_word' id='word_1_11' title='bbox 98 449 129 492; x_wconf 85' lang='lat'>95</span> <span class='ocrx_word' id='word_1_12' title='bbox 149 445 325 508; x_wconf 75' lang='lat' dir='ltr'><strong>vimineasque</strong></span> <span class='ocrx_word' id='word_1_13' title='bbox 337 444 416 492; x_wconf 81' lang='lat' dir='ltr'>trehit</span> <span class='ocrx_word' id='word_1_14' title='bbox 428 451 510 493; x_wconf 69' lang='lat' dir='ltr'>cretae</span> <span class='ocrx_word' id='word_1_15' title='bbox 523 445 593 493; x_wconf 85' lang='lat' dir='ltr'>iuvat</span> <span class='ocrx_word' id='word_1_16' title='bbox 606 460 681 504; x_wconf 84' lang='lat' dir='ltr'>arva,</span> <span class='ocrx_word' id='word_1_17' title='bbox 701 460 787 509; x_wconf 88' lang='lat' dir='ltr'>neque</span> <span class='ocrx_word' id='word_1_18' title='bbox 805 447 878 496; x_wconf 89' lang='lat' dir='ltr'>illum</span> 
     </span>
     <span class='ocr_line' id='line_1_4' title="bbox 149 532 797 598; baseline 0.005 -17"><span class='ocrx_word' id='word_1_19' title='bbox 149 533 214 581; x_wconf 83' lang='lat' dir='ltr'><strong>flava</strong></span> <span class='ocrx_word' id='word_1_20' title='bbox 228 532 305 582; x_wconf 87' lang='lat' dir='ltr'>Ceres</span> <span class='ocrx_word' id='word_1_21' title='bbox 318 534 372 581; x_wconf 87' lang='lat' dir='ltr'>alto</span> <span class='ocrx_word' id='word_1_22' title='bbox 385 533 544 595; x_wconf 79' lang='lat' dir='ltr'><strong>nequiquam</strong></span> <span class='ocrx_word' id='word_1_23' title='bbox 556 540 655 597; x_wconf 81' lang='lat' dir='ltr'>spectat</span> <span class='ocrx_word' id='word_1_24' title='bbox 667 533 797 598; x_wconf 80' lang='lat' dir='ltr'>Olymp03</span> 
     </span>
     <span class='ocr_line' id='line_1_5' title="bbox 149 622 786 686; baseline 0.005 -16"><span class='ocrx_word' id='word_1_25' title='bbox 149 622 231 685; x_wconf 89' lang='lat' dir='ltr'>etqui</span> <span class='ocrx_word' id='word_1_26' title='bbox 244 622 372 685; x_wconf 79' lang='lat' dir='ltr'>proscisso</span> <span class='ocrx_word' id='word_1_27' title='bbox 386 636 453 684; x_wconf 87' lang='lat' dir='ltr'>quae</span> <span class='ocrx_word' id='word_1_28' title='bbox 467 622 574 671; x_wconf 83' lang='lat' dir='ltr'>suscitat</span> <span class='ocrx_word' id='word_1_29' title='bbox 587 637 699 686; x_wconf 88' lang='lat' dir='ltr'>aequora</span> <span class='ocrx_word' id='word_1_30' title='bbox 711 630 786 686; x_wconf 82' lang='lat' dir='ltr'>terga</span> 
     </span>
     <span class='ocr_line' id='line_1_6' title="bbox 149 710 760 775; baseline 0.005 -17"><span class='ocrx_word' id='word_1_31' title='bbox 149 726 236 759; x_wconf 80' lang='lat' dir='ltr'>rursus</span> <span class='ocrx_word' id='word_1_32' title='bbox 249 711 275 758; x_wconf 92' lang='lat' dir='ltr'>iu</span> <span class='ocrx_word' id='word_1_33' title='bbox 289 710 422 773; x_wconf 90' lang='lat' dir='ltr'>obliquem</span> <span class='ocrx_word' id='word_1_34' title='bbox 434 725 506 759; x_wconf 85' lang='lat' dir='ltr'>verso</span> <span class='ocrx_word' id='word_1_35' title='bbox 519 711 661 775; x_wconf 75' lang='lat' dir='ltr'>perrumpit</span> <span class='ocrx_word' id='word_1_36' title='bbox 674 719 760 761; x_wconf 83' lang='lat' dir='ltr'>aratro</span> 
     </span>
     <span class='ocr_line' id='line_1_7' title="bbox 150 800 874 863; baseline 0.001 -15"><span class='ocrx_word' id='word_1_37' title='bbox 150 807 302 862; x_wconf 82' lang='lat' dir='ltr'>exercetque</span> <span class='ocrx_word' id='word_1_38' title='bbox 314 800 434 862; x_wconf 81' lang='lat' dir='ltr'>frequens</span> <span class='ocrx_word' id='word_1_39' title='bbox 448 800 565 848; x_wconf 88' lang='lat' dir='ltr'>tellurem</span> <span class='ocrx_word' id='word_1_40' title='bbox 579 806 656 862; x_wconf 89' lang='lat' dir='ltr'>atque</span> <span class='ocrx_word' id='word_1_41' title='bbox 673 800 785 863; x_wconf 85' lang='lat' dir='ltr'>imperet</span> <span class='ocrx_word' id='word_1_42' title='bbox 801 803 874 853; x_wconf 78' lang='lat' dir='ltr'>arvia.</span> 
     </span>
     <span class='ocr_line' id='line_1_8' title="bbox 82 888 814 951; baseline 0.005 -15"><span class='ocrx_word' id='word_1_43' title='bbox 82 894 130 936; x_wconf 87' lang='lat'>100</span> <span class='ocrx_word' id='word_1_44' title='bbox 185 888 280 937; x_wconf 84' lang='lat' dir='ltr'>Umida</span> <span class='ocrx_word' id='word_1_45' title='bbox 291 889 402 936; x_wconf 82' lang='lat' dir='ltr'>solstitie</span> <span class='ocrx_word' id='word_1_46' title='bbox 414 895 491 951; x_wconf 86' lang='lat' dir='ltr'>etque</span> <span class='ocrx_word' id='word_1_47' title='bbox 504 888 601 937; x_wconf 86' lang='lat' dir='ltr'>hiemes</span> <span class='ocrx_word' id='word_1_48' title='bbox 614 896 686 937; x_wconf 89' lang='lat' dir='ltr'>orate</span> <span class='ocrx_word' id='word_1_49' title='bbox 699 903 814 950; x_wconf 81' lang='lat' dir='ltr'>serenae,</span> 
     </span>
     <span class='ocr_line' id='line_1_9' title="bbox 150 977 784 1039; baseline 0.005 -14"><span class='ocrx_word' id='word_1_50' title='bbox 150 978 296 1039; x_wconf 79' lang='lat' dir='ltr'>agricolae:</span> <span class='ocrx_word' id='word_1_51' title='bbox 312 977 419 1026; x_wconf 88' lang='lat' dir='ltr'>hiberno</span> <span class='ocrx_word' id='word_1_52' title='bbox 433 977 575 1026; x_wconf 84' lang='lat' dir='ltr'>laetissime</span> <span class='ocrx_word' id='word_1_53' title='bbox 588 978 692 1039; x_wconf 88' lang='lat' dir='ltr'>pulvere</span> <span class='ocrx_word' id='word_1_54' title='bbox 705 978 784 1039; x_wconf 80' lang='lat' dir='ltr'>sarra,</span> 
     </span>
     <span class='ocr_line' id='line_1_10' title="bbox 150 1065 750 1128; baseline 0.003 -14"><span class='ocrx_word' id='word_1_55' title='bbox 150 1068 232 1115; x_wconf 83' lang='lat' dir='ltr'>laetus</span> <span class='ocrx_word' id='word_1_56' title='bbox 246 1081 324 1128; x_wconf 65' lang='lat' dir='ltr'>egen</span> <span class='ocrx_word' id='word_1_57' title='bbox 344 1067 417 1114; x_wconf 92' lang='lat' dir='ltr'>nullo</span> <span class='ocrx_word' id='word_1_58' title='bbox 431 1072 530 1113; x_wconf 78' lang='lat' dir='ltr'>tentum</span> <span class='ocrx_word' id='word_1_59' title='bbox 543 1081 569 1115; x_wconf 89' lang='lat' dir='ltr'>se</span> <span class='ocrx_word' id='word_1_60' title='bbox 582 1065 666 1128; x_wconf 84' lang='lat' dir='ltr'>Mysie</span> <span class='ocrx_word' id='word_1_61' title='bbox 678 1067 750 1116; x_wconf 85' lang='lat' dir='ltr'>cultu</span> 
     </span>
     <span class='ocr_line' id='line_1_11' title="bbox 150 1152 794 1218; baseline 0.005 -15"><span class='ocrx_word' id='word_1_62' title='bbox 150 1155 229 1204; x_wconf 81' lang='lat' dir='ltr'>iactat</span> <span class='ocrx_word' id='word_1_63' title='bbox 241 1163 266 1205; x_wconf 86' lang='lat' dir='ltr'>et</span> <span class='ocrx_word' id='word_1_64' title='bbox 278 1156 334 1218; x_wconf 80' lang='lat' dir='ltr'>ipae</span> <span class='ocrx_word' id='word_1_65' title='bbox 346 1170 405 1203; x_wconf 81' lang='lat' dir='ltr'>suas</span> <span class='ocrx_word' id='word_1_66' title='bbox 418 1155 545 1202; x_wconf 86' lang='lat' dir='ltr'>mirantur</span> <span class='ocrx_word' id='word_1_67' title='bbox 558 1152 675 1216; x_wconf 79' lang='lat' dir='ltr'><strong>Gargara</strong></span> <span class='ocrx_word' id='word_1_68' title='bbox 687 1169 794 1206; x_wconf 72' lang='lat' dir='ltr'>messes.</span> 
     </span>
     <span class='ocr_line' id='line_1_12' title="bbox 150 1244 811 1306; baseline 0.008 -15"><span class='ocrx_word' id='word_1_69' title='bbox 150 1244 212 1306; x_wconf 88' lang='lat' dir='ltr'>quid</span> <span class='ocrx_word' id='word_1_70' title='bbox 226 1245 319 1302; x_wconf 85' lang='lat' dir='ltr'>dicum,</span> <span class='ocrx_word' id='word_1_71' title='bbox 338 1245 406 1292; x_wconf 87' lang='lat' dir='ltr'>iacto</span> <span class='ocrx_word' id='word_1_72' title='bbox 420 1244 465 1306; x_wconf 92' lang='lat' dir='ltr'>qui</span> <span class='ocrx_word' id='word_1_73' title='bbox 478 1244 575 1292; x_wconf 87' lang='lat' dir='ltr'>semine</span> <span class='ocrx_word' id='word_1_74' title='bbox 589 1244 732 1293; x_wconf 81' lang='lat' dir='ltr'>comminue</span> <span class='ocrx_word' id='word_1_75' title='bbox 747 1260 811 1296; x_wconf 81' lang='lat' dir='ltr'>am</span> 
     </span>
     <span class='ocr_line' id='line_1_13' title="bbox 83 1333 874 1395; baseline 0.006 -15"><span class='ocrx_word' id='word_1_76' title='bbox 83 1337 130 1380; x_wconf 88' lang='lat'>105</span> <span class='ocrx_word' id='word_1_77' title='bbox 150 1333 294 1395; x_wconf 76' lang='lat' dir='ltr'>insequitur</span> <span class='ocrx_word' id='word_1_78' title='bbox 307 1333 475 1394; x_wconf 82' lang='lat' dir='ltr'>cumulosque</span> <span class='ocrx_word' id='word_1_79' title='bbox 488 1333 539 1380; x_wconf 91' lang='lat' dir='ltr'>ruit</span> <span class='ocrx_word' id='word_1_80' title='bbox 551 1333 618 1380; x_wconf 86' lang='lat' dir='ltr'>mele</span> <span class='ocrx_word' id='word_1_81' title='bbox 631 1333 736 1395; x_wconf 79' lang='lat' dir='ltr'>pinguls</span> <span class='ocrx_word' id='word_1_82' title='bbox 753 1335 874 1395; x_wconf 79' lang='lat' dir='ltr'>harenae,</span> 
     </span>
     <span class='ocr_line' id='line_1_14' title="bbox 151 1421 827 1486; baseline 0.003 -15"><span class='ocrx_word' id='word_1_83' title='bbox 151 1423 244 1472; x_wconf 91' lang='lat' dir='ltr'>deinde</span> <span class='ocrx_word' id='word_1_84' title='bbox 257 1422 318 1470; x_wconf 86' lang='lat' dir='ltr'>setis</span> <span class='ocrx_word' id='word_1_85' title='bbox 331 1422 436 1470; x_wconf 89' lang='lat' dir='ltr'>fluvium</span> <span class='ocrx_word' id='word_1_86' title='bbox 449 1421 549 1469; x_wconf 86' lang='lat' dir='ltr'>inducit</span> <span class='ocrx_word' id='word_1_87' title='bbox 561 1421 681 1484; x_wconf 82' lang='lat' dir='ltr'>rivosque</span> <span class='ocrx_word' id='word_1_88' title='bbox 693 1424 827 1486; x_wconf 77' lang='lat' dir='ltr'>sequentis</span> 
     </span>
     <span class='ocr_line' id='line_1_15' title="bbox 151 1510 854 1572; baseline 0.003 -12"><span class='ocrx_word' id='word_1_89' title='bbox 151 1518 184 1570; x_wconf 81' lang='lat' dir='ltr'>et,</span> <span class='ocrx_word' id='word_1_90' title='bbox 200 1526 259 1560; x_wconf 89' lang='lat' dir='ltr'>cum</span> <span class='ocrx_word' id='word_1_91' title='bbox 272 1517 375 1559; x_wconf 81' lang='lat' dir='ltr'>exustus</span> <span class='ocrx_word' id='word_1_92' title='bbox 390 1524 451 1571; x_wconf 85' lang='lat' dir='ltr'>ager</span> <span class='ocrx_word' id='word_1_93' title='bbox 463 1510 630 1558; x_wconf 83' lang='lat' dir='ltr'>morientibus</span> <span class='ocrx_word' id='word_1_94' title='bbox 644 1518 745 1560; x_wconf 81' lang='lat' dir='ltr'>aestuet</span> <span class='ocrx_word' id='word_1_95' title='bbox 756 1511 854 1572; x_wconf 74' lang='lat' dir='ltr'>herbis,</span> 
     </span>
     <span class='ocr_line' id='line_1_16' title="bbox 152 1600 696 1663; baseline -0.002 -14"><span class='ocrx_word' id='word_1_96' title='bbox 152 1615 211 1649; x_wconf 88' lang='lat' dir='ltr'>eece</span> <span class='ocrx_word' id='word_1_97' title='bbox 223 1600 361 1663; x_wconf 83' lang='lat' dir='ltr'>supercilio</span> <span class='ocrx_word' id='word_1_98' title='bbox 375 1600 463 1648; x_wconf 80' lang='lat' dir='ltr'>clivosi</span> <span class='ocrx_word' id='word_1_99' title='bbox 477 1600 585 1648; x_wconf 83' lang='lat' dir='ltr'>tremitis</span> <span class='ocrx_word' id='word_1_100' title='bbox 599 1600 696 1648; x_wconf 88' lang='lat' dir='ltr'>undam</span> 
     </span>
     <span class='ocr_line' id='line_1_17' title="bbox 151 1688 785 1751; baseline -0.002 -15"><span class='ocrx_word' id='word_1_101' title='bbox 151 1689 221 1737; x_wconf 88' lang='lat' dir='ltr'>elicit</span> <span class='ocrx_word' id='word_1_102' title='bbox 233 1689 293 1751; x_wconf 90' lang='lat' dir='ltr'>(illa</span> <span class='ocrx_word' id='word_1_103' title='bbox 306 1690 399 1738; x_wconf 83' lang='lat' dir='ltr'>cadens</span> <span class='ocrx_word' id='word_1_104' title='bbox 413 1703 520 1736; x_wconf 87' lang='lat' dir='ltr'>raucum</span> <span class='ocrx_word' id='word_1_105' title='bbox 532 1702 577 1750; x_wconf 88' lang='lat' dir='ltr'>per</span> <span class='ocrx_word' id='word_1_106' title='bbox 590 1688 656 1736; x_wconf 80' lang='lat' dir='ltr'>levia</span> <span class='ocrx_word' id='word_1_107' title='bbox 668 1703 785 1736; x_wconf 88' lang='lat' dir='ltr'>murmur</span> 
     </span>
     <span class='ocr_line' id='line_1_18' title="bbox 83 1777 822 1841; baseline -0.003 -15"><span class='ocrx_word' id='word_1_108' title='bbox 83 1784 131 1826; x_wconf 88' lang='lat'>110</span> <span class='ocrx_word' id='word_1_109' title='bbox 151 1793 215 1826; x_wconf 79' lang='lat' dir='ltr'><strong>saxa</strong></span> <span class='ocrx_word' id='word_1_110' title='bbox 228 1778 277 1826; x_wconf 91' lang='lat' dir='ltr'>ciet</span> <span class='ocrx_word' id='word_1_111' title='bbox 290 1778 463 1841; x_wconf 81' lang='lat' dir='ltr'>scatebrisque</span> <span class='ocrx_word' id='word_1_112' title='bbox 477 1778 576 1826; x_wconf 82' lang='lat' dir='ltr'>arentia</span> <span class='ocrx_word' id='word_1_113' title='bbox 589 1783 715 1840; x_wconf 87' lang='lat' dir='ltr'>temperat</span> <span class='ocrx_word' id='word_1_114' title='bbox 728 1777 822 1840; x_wconf 74' lang='lat' dir='ltr'>erva)?</span> 
     </span>
     <span class='ocr_line' id='line_1_19' title="bbox 151 1865 842 1930; baseline -0.001 -15"><span class='ocrx_word' id='word_1_115' title='bbox 151 1867 213 1930; x_wconf 92' lang='lat' dir='ltr'>quid</span> <span class='ocrx_word' id='word_1_116' title='bbox 227 1867 280 1929; x_wconf 87' lang='lat' dir='ltr'>qui,</span> <span class='ocrx_word' id='word_1_117' title='bbox 296 1881 328 1915; x_wconf 92' lang='lat' dir='ltr'>ne</span> <span class='ocrx_word' id='word_1_118' title='bbox 341 1866 453 1927; x_wconf 83' lang='lat' dir='ltr'>gravidis</span> <span class='ocrx_word' id='word_1_119' title='bbox 466 1865 620 1928; x_wconf 87' lang='lat' dir='ltr'>procumbet</span> <span class='ocrx_word' id='word_1_120' title='bbox 632 1866 732 1913; x_wconf 84' lang='lat' dir='ltr'>culmus</span> <span class='ocrx_word' id='word_1_121' title='bbox 747 1866 842 1926; x_wconf 84' lang='lat' dir='ltr'>aristis,</span> 
     </span>
     <span class='ocr_line' id='line_1_20' title="bbox 151 1953 781 2023; baseline -0.005 -18"><span class='ocrx_word' id='word_1_122' title='bbox 151 1956 280 2023; x_wconf 77' lang='lat' dir='ltr'>luxuriem</span> <span class='ocrx_word' id='word_1_123' title='bbox 293 1963 408 2018; x_wconf 87' lang='lat' dir='ltr'>segetum</span> <span class='ocrx_word' id='word_1_124' title='bbox 422 1962 511 2003; x_wconf 84' lang='lat' dir='ltr'>tenera</span> <span class='ocrx_word' id='word_1_125' title='bbox 524 1954 639 2017; x_wconf 82' lang='lat' dir='ltr'>depascit</span> <span class='ocrx_word' id='word_1_126' title='bbox 651 1954 678 2001; x_wconf 88' lang='lat' dir='ltr'>in</span> <span class='ocrx_word' id='word_1_127' title='bbox 691 1953 781 2014; x_wconf 86' lang='lat' dir='ltr'>herbe,</span> 
     </span>
     <span class='ocr_line' id='line_1_21' title="bbox 152 2042 878 2106; baseline -0.004 -13"><span class='ocrx_word' id='word_1_128' title='bbox 152 2061 210 2093; x_wconf 90' lang='lat' dir='ltr'>cum</span> <span class='ocrx_word' id='word_1_129' title='bbox 223 2044 334 2106; x_wconf 87' lang='lat' dir='ltr'>primum</span> <span class='ocrx_word' id='word_1_130' title='bbox 347 2044 432 2091; x_wconf 79' lang='lat' dir='ltr'>sulcos</span> <span class='ocrx_word' id='word_1_131' title='bbox 446 2051 559 2105; x_wconf 85' lang='lat' dir='ltr'>aequant</span> <span class='ocrx_word' id='word_1_132' title='bbox 571 2043 642 2090; x_wconf 83' lang='lat' dir='ltr'><strong>sata?</strong></span> <span class='ocrx_word' id='word_1_133' title='bbox 666 2042 763 2105; x_wconf 89' lang='lat' dir='ltr'>quique</span> <span class='ocrx_word' id='word_1_134' title='bbox 776 2043 878 2106; x_wconf 74' lang='lat' dir='ltr'>paludis</span> 
     </span>
     <span class='ocr_line' id='line_1_22' title="bbox 151 2130 766 2182; baseline -0.007 0"><span class='ocrx_word' id='word_1_135' title='bbox 151 2134 290 2182; x_wconf 90' lang='lat' dir='ltr'>collectum</span> <span class='ocrx_word' id='word_1_136' title='bbox 304 2146 420 2181; x_wconf 89' lang='lat' dir='ltr'>umorem</span> <span class='ocrx_word' id='word_1_137' title='bbox 432 2131 522 2179; x_wconf 91' lang='lat' dir='ltr'>bibula</span> <span class='ocrx_word' id='word_1_138' title='bbox 535 2131 639 2179; x_wconf 90' lang='lat' dir='ltr'>deducit</span> <span class='ocrx_word' id='word_1_139' title='bbox 651 2130 766 2179; x_wconf 80' lang='lat' dir='ltr'>harena?</span> 
     </span>
     <span class='ocr_line' id='line_1_23' title="bbox 83 2218 845 2284; baseline 0 -16"><span class='ocrx_word' id='word_1_140' title='bbox 83 2227 131 2269; x_wconf 88' lang='lat' dir='ltr'>ll5</span> <span class='ocrx_word' id='word_1_141' title='bbox 152 2223 302 2284; x_wconf 79' lang='lat' dir='ltr'>praesertim</span> <span class='ocrx_word' id='word_1_142' title='bbox 315 2221 418 2269; x_wconf 85' lang='lat' dir='ltr'>incertis</span> <span class='ocrx_word' id='word_1_143' title='bbox 431 2220 452 2267; x_wconf 92' lang='lat' dir='ltr'>si</span> <span class='ocrx_word' id='word_1_144' title='bbox 465 2220 594 2268; x_wconf 88' lang='lat' dir='ltr'>mensibus</span> <span class='ocrx_word' id='word_1_145' title='bbox 608 2218 691 2267; x_wconf 85' lang='lat' dir='ltr'>amnia</span> <span class='ocrx_word' id='word_1_146' title='bbox 705 2219 845 2270; x_wconf 74' lang='lat' dir='ltr'>abundans</span> 
     </span>
     <span class='ocr_line' id='line_1_24' title="bbox 152 2308 700 2367; baseline -0.007 -9"><span class='ocrx_word' id='word_1_147' title='bbox 152 2310 204 2358; x_wconf 86' lang='lat' dir='ltr'>exit</span> <span class='ocrx_word' id='word_1_148' title='bbox 217 2317 242 2358; x_wconf 88' lang='lat' dir='ltr'>et</span> <span class='ocrx_word' id='word_1_149' title='bbox 254 2310 366 2358; x_wconf 86' lang='lat' dir='ltr'>obducto</span> <span class='ocrx_word' id='word_1_150' title='bbox 380 2310 432 2357; x_wconf 86' lang='lat' dir='ltr'>lete</span> <span class='ocrx_word' id='word_1_151' title='bbox 445 2315 514 2356; x_wconf 91' lang='lat' dir='ltr'>tenet</span> <span class='ocrx_word' id='word_1_152' title='bbox 527 2308 614 2356; x_wconf 88' lang='lat' dir='ltr'>omnia</span> <span class='ocrx_word' id='word_1_153' title='bbox 627 2308 700 2367; x_wconf 80' lang='lat' dir='ltr'>limo,</span> 
     </span>
     <span class='ocr_line' id='line_1_25' title="bbox 151 2397 753 2459; baseline -0.005 -14"><span class='ocrx_word' id='word_1_154' title='bbox 151 2399 220 2447; x_wconf 92' lang='lat' dir='ltr'>unde</span> <span class='ocrx_word' id='word_1_155' title='bbox 233 2413 310 2447; x_wconf 84' lang='lat' dir='ltr'>cevae</span> <span class='ocrx_word' id='word_1_156' title='bbox 324 2398 411 2459; x_wconf 90' lang='lat' dir='ltr'>tepido</span> <span class='ocrx_word' id='word_1_157' title='bbox 425 2398 519 2444; x_wconf 87' lang='lat' dir='ltr'>sudant</span> <span class='ocrx_word' id='word_1_158' title='bbox 532 2410 621 2444; x_wconf 91' lang='lat' dir='ltr'>umore</span> <span class='ocrx_word' id='word_1_159' title='bbox 633 2397 753 2444; x_wconf 82' lang='lat' dir='ltr'>lacunae.</span> 
     </span>
     <span class='ocr_line' id='line_1_26' title="bbox 179 2484 880 2546; baseline -0.001 -12"><span class='ocrx_word' id='word_1_160' title='bbox 179 2486 236 2536; x_wconf 88' lang='lat' dir='ltr'>Nec</span> <span class='ocrx_word' id='word_1_161' title='bbox 255 2494 358 2546; x_wconf 82' lang='lat' dir='ltr'>tumen,</span> <span class='ocrx_word' id='word_1_162' title='bbox 379 2486 444 2535; x_wconf 86' lang='lat' dir='ltr'>haec</span> <span class='ocrx_word' id='word_1_163' title='bbox 457 2500 516 2534; x_wconf 89' lang='lat' dir='ltr'>eum</span> <span class='ocrx_word' id='word_1_164' title='bbox 528 2485 580 2532; x_wconf 80' lang='lat' dir='ltr'>sint</span> <span class='ocrx_word' id='word_1_165' title='bbox 591 2485 777 2546; x_wconf 80' lang='lat' dir='ltr'>hominumque</span> <span class='ocrx_word' id='word_1_166' title='bbox 791 2484 880 2533; x_wconf 85' lang='lat' dir='ltr'>boum·</span> 
     </span>
     <span class='ocr_line' id='line_1_27' title="bbox 461 2575 634 2641; baseline -0.04 -16"><span class='ocrx_word' id='word_1_167' title='bbox 461 2591 514 2641; x_wconf 88' lang='lat' dir='ltr'>que</span> <span class='ocrx_word' id='word_1_168' title='bbox 524 2575 634 2623; x_wconf 71' lang='lat' dir='ltr'>lebetes</span> 
     </span>
     <span class='ocr_line' id='line_1_28' title="bbox 118 2652 850 2736; baseline 0.004 -19"><span class='ocrx_word' id='word_1_169' title='bbox 118 2668 261 2718; x_wconf 62' lang='lat' dir='ltr'>¹&#39;maudo</span> <span class='ocrx_word' id='word_1_170' title='bbox 278 2678 387 2722; x_wconf 83' lang='lat' dir='ltr'>terram</span> <span class='ocrx_word' id='word_1_171' title='bbox 400 2668 527 2736; x_wconf 84' lang='lat' dir='ltr'>experti,</span> <span class='ocrx_word' id='word_1_172' title='bbox 543 2662 617 2712; x_wconf 75' lang='lat' dir='ltr'>unm</span> <span class='ocrx_word' id='word_1_173' title='bbox 626 2652 759 2720; x_wconf 53' lang='lat' dir='ltr'>meeum</span> <span class='ocrx_word' id='word_1_174' title='bbox 772 2663 850 2697; x_wconf 56' lang='lat' dir='ltr'>m*</span> 
     </span>
    </p>
   </div>
   <div class='ocr_carea' id='block_1_3' title="bbox 0 0 914 2956">
    <p class='ocr_par' dir='ltr' id='par_1_3' title="bbox 0 0 914 2956">
     <span class='ocr_line' id='line_1_29' title="bbox 0 0 914 2956; baseline 0 0"><span class='ocrx_word' id='word_1_175' title='bbox 0 0 914 2956; x_wconf 95' lang='lat' dir='ltr'> </span> 
     </span>
    </p>
   </div>
  </div>
 </body>
</html>
