1816 2956
88 175 143 220 152
323 182 348 219 Ρ.
368 180 488 219 VERGILI
507 179 637 220 MARONIS

153 340 195 386 rix
208 354 238 387 ea
252 338 317 386 fatus
331 346 393 396 erut,
410 353 467 385 cum
481 338 636 385 circumfusa
648 345 751 400 repente

154 427 248 476 scindit
261 442 287 475 se
301 426 381 474 nubes
395 427 458 474 etin
472 426 576 474 aethera
588 434 681 488 purgat
695 433 821 489 apertum.

153 517 245 565 restitit
257 518 359 564 Aeneas
372 516 493 577 claroque
506 516 533 562 in
547 517 604 563 luce
617 515 725 574 refulsit,

154 621 182 653 os
197 620 349 668 umerosque
363 605 411 652 deo
429 604 535 651 similis:
556 618 668 665 numque
685 604 743 666 ipsa
760 605 880 653 decoram

85 700 134 743 590
155 695 293 743 caesariem
307 701 368 742 noto
381 694 499 755 genetrix
512 694 651 754 lumenque
663 693 782 740 iuventae

155 798 310 846 purpureum
324 789 348 830 ot
361 783 443 830 laetos
457 783 539 830 oeulis
553 782 660 830 adflarat
673 781 800 840 honores3

155 873 232 934 quale
245 887 336 919 monus
351 872 449 919 stridunt
462 871 533 920 ebori
547 872 624 918 decus
639 878 683 918 aut
696 869 738 917 ubi
752 870 818 918 flavo

155 969 290 1022 argentum
303 961 424 1008 Pariusve
438 961 503 1024 lapis
517 960 690 1008 circumdatur
703 973 775 1007 auro.

155 1059 209 1097 turn
222 1050 258 1098 sio
271 1050 387 1111 reginam
401 1050 550 1112 adloquitur
564 1049 713 1110 cunctisque
726 1055 832 1110 repente

85 1145 134 1187 595
154 1138 299 1202 inprovisus
313 1139 356 1186 ait.
382 1127 480 1186 ‘eoram
494 1153 570 1200 quem
583 1138 705 1200 quaeritis
720 1138 813 1184 adsum

155 1229 247 1276 Troius
262 1229 372 1286 Aenors,
388 1227 490 1290 Libycis
504 1234 605 1289 ereptus
620 1227 651 1273 ub
664 1227 749 1273 undis.

156 1332 170 1364 o
184 1318 241 1364 sola
253 1317 373 1364 infandos
387 1317 481 1364 Troiae
494 1316 614 1364 miserata
626 1315 738 1373 labores,

156 1420 222 1468 quoe
235 1420 297 1463 nos,
318 1405 441 1467 reliquias
454 1405 590 1462 Danaum,
606 1413 740 1465 terraeque
753 1403 882 1466 murisque

155 1494 274 1541 omnibus
288 1495 427 1543 exhaustos
440 1495 492 1542 ium
506 1492 622 1551 casibus,
643 1492 759 1539 omnium
777 1507 880 1554 egenos,

85 1588 135 1630 600
155 1582 217 1631 urbe
231 1584 308 1630 domo
322 1583 414 1640 socius,
429 1591 513 1643 grates
527 1583 672 1644 persolvere
686 1583 777 1644 dignos

156 1687 207 1719 non
221 1673 276 1734 opis
290 1679 328 1720 est
341 1680 452 1730 nostrae,
468 1672 548 1729 Dido,
564 1686 611 1719 nee
625 1672 750 1734 quidquid
763 1672 883 1734 ubiquest

154 1761 403 1822 gentisDarrlaniuo,
419 1775 542 1820 magnum
555 1775 621 1822 quae
634 1774 723 1823 sparsa
731 1774 776 1822 per
784 1759 881 1808 orbem.

156 1850 180 1897 di
195 1849 250 1908 tibi,
266 1850 341 1911 siqua
353 1850 411 1912 pios
425 1856 570 1911 respectant
584 1849 698 1906 numina,
715 1848 801 1911 siquid

157 1953 264 2000 usquam
277 1938 375 1985 iustitia
388 1946 426 1985 est
439 1946 463 1985 et
476 1952 547 1984 mens
560 1936 608 1984 sibi
623 1937 726 1984 conscio
739 1938 812 1998 recti,

123 2033 132 2043 ’
157 2028 272 2089 proemio
286 2027 364 2087 dignit
377 2027 468 2074 forant.
506 2041 571 2088 quae
586 2034 609 2073 te
623 2033 676 2072 tam
689 2026 758 2073 laeta
771 2027 885 2074 tulerunt

156 2116 278 2163 saecula?
298 2116 341 2178 qui
355 2116 418 2163 tunti
432 2117 511 2164 talem
524 2129 635 2176 gerurere
648 2114 785 2176 parentes?

157 2206 182 2251 iu
198 2205 261 2252 t'reta
275 2206 335 2252 dum
348 2205 417 2251 fluvii
432 2213 541 2262 current,
561 2205 622 2250 dum
635 2203 765 2251 montibus
779 2204 885 2253 umbrae

158 2293 302 2341 lustrabunt
315 2308 438 2351 convexa,
454 2293 529 2355 polus
544 2293 604 2338 dum
617 2292 701 2340 sidera
715 2302 813 2355 pascet,

157 2380 883 2446 semperhonosnomenquetuomlaudesquemanebunt,

88 2477 137 2518 010
158 2487 223 2534 quoe
236 2486 277 2519 mo
291 2486 400 2533 cumque
413 2479 505 2518 vocant
518 2462 619 2518 terroe?
642 2469 679 2517 sic
693 2470 759 2517 satus
773 2470 885 2518 amioum

159 2562 257 2609 liionea
271 2560 334 2622 petit
348 2560 437 2607 dextro
450 2560 574 2622 litoraque
588 2557 728 2617 Serestum,

156 2659 216 2713 post
229 2651 302 2708 ulios,
320 2649 462 2712 sortemque
475 2647 548 2711 Gyan
562 2649 705 2710 sortemque
714 2646 882 2698 Cloanthum.
