1816 2956
329 157 354 197 1³.
371 158 493 198 VERGILI
513 158 644 198 MARONIS

159 323 218 379 post
230 315 315 363 valido
329 315 412 364 nitens
425 315 472 363 sub
486 315 600 378 pondere
613 315 715 377 faginus
729 316 785 364 axis

158 405 283 468 instrepat
295 411 320 452 et
332 404 433 452 iunctos
446 412 514 452 temo
528 405 613 453 trahat
626 419 714 453 aereus
728 405 806 453 orbis.

158 494 257 542 interea
268 493 330 556 pubi
343 493 485 541 indomitae
497 507 550 540 non
563 493 682 554 gramina
694 501 795 542 tanturn

92 589 139 632 175
160 598 207 632 nec
219 597 306 631 vescas
319 582 428 631 salicum
441 582 545 630 frondes
558 583 696 645 ulvamque
708 582 860 645 palustrem,

158 672 203 720 sed
216 672 345 720 frumenta
357 686 435 719 mann
449 687 538 735 carpes
551 680 621 732 sata;
642 687 690 720 nec
702 671 748 718 tibi
762 671 829 719 letae

159 773 230 808 more
242 767 345 822 patrum
357 761 431 809 nivea
443 761 580 824 inplebunt
592 760 742 809 mulctraria
755 774 858 818 vaccae,

159 850 204 897 sed
218 855 272 896 tota
285 849 312 896 in
325 850 413 898 dulces
427 857 579 898 consument
592 849 672 898 ubera
684 856 768 897 natos.

195 936 241 985 Sin
255 938 286 986 ad
301 938 370 987 bella
383 939 465 1000 magis
478 939 593 986 studium
605 945 754 1000 turmasque
768 936 861 986 ferocis

91 1030 140 1074 180
160 1034 205 1074 aut
216 1027 320 1089 Alphea
332 1027 394 1074 rotis
407 1027 521 1090 praelabi
534 1028 642 1075 flumina
654 1028 730 1075 Pisae

75 1117 77 1121 ’
160 1123 186 1164 et
197 1115 264 1163 Iovis
278 1115 305 1162 in
318 1116 377 1164 luco
392 1131 480 1164 currus
494 1117 592 1178 agitare
605 1116 725 1173 volantis,

161 1204 258 1267 primus
272 1205 331 1267 equi
345 1205 419 1253 labor
431 1213 470 1254 est
483 1205 583 1253 animos
597 1211 674 1267 atque
688 1219 760 1277 arma
772 1202 859 1250 videre

160 1293 303 1341 bellantum
316 1294 445 1357 lituosque
458 1295 511 1357 pati
524 1300 659 1356 tractuque
671 1299 817 1354 gementem

160 1381 225 1430 serre
238 1392 321 1430 rotam
335 1390 360 1431 et
372 1383 474 1431 stabulo
487 1383 573 1431 frenos
587 1382 676 1430 audire
689 1381 805 1429 sonantis
816 1396 822 1439 ;

92 1475 140 1519 185
163 1477 216 1518 tum
229 1472 312 1532 magis
326 1479 403 1534 atque
416 1473 499 1533 magis
513 1472 615 1520 blandis
629 1471 743 1533 gaudere
755 1458 872 1530 magistri

161 1560 281 1608 laudibus
295 1567 320 1608 et
331 1562 439 1623 plausae
452 1561 565 1608 sonitum
579 1560 683 1608 cervicis
697 1573 793 1606 amare.

162 1656 238 1711 atque
251 1650 315 1697 hoec
328 1650 380 1697 iam
393 1650 477 1712 primo
492 1650 614 1711 depulsus
629 1647 660 1695 ab
674 1647 752 1695 ubere
765 1646 855 1694 matris

161 1737 263 1796 audeat,
279 1739 358 1801 inque
371 1739 452 1786 vicem
465 1738 508 1786 det
520 1737 642 1785 mollibus
656 1751 702 1784 ora
715 1735 834 1798 capistris

161 1827 289 1875 invalidus
304 1827 432 1890 etiamque
445 1835 565 1886 tremens,
582 1827 658 1874 etiam
672 1825 768 1872 inscius
782 1824 846 1872 aevi.

94 1920 142 1963 190
162 1923 188 1964 at
201 1915 282 1963 tribus
296 1917 393 1964 exactis
406 1917 450 1964 ubi
464 1922 557 1979 quarta
570 1915 706 1963 accesserit
719 1920 798 1972 aetas,

163 2019 267 2067 carpere
280 2020 341 2053 mox
354 2020 445 2068 gyrum
458 2005 566 2066 incipiat
578 2003 754 2065 gradibusque
767 2016 862 2050 sonare

162 2094 302 2156 conpositis
316 2095 451 2156 sinuetque
465 2095 565 2142 alterna
577 2092 710 2140 volumina
724 2105 826 2139 crurum

162 2183 246 2245 sitque
259 2183 386 2231 laboranti
400 2183 492 2230 similis
504 2200 510 2242 3
531 2190 585 2229 tum
599 2180 714 2230 cursibus
728 2195 813 2237 auras,

162 2279 216 2318 tum
234 2279 320 2330 vocet,
340 2287 370 2319 ac
383 2286 428 2334 per
441 2279 530 2334 aperta
541 2271 632 2318 volans
646 2284 691 2318 eeu
706 2269 771 2317 liber
783 2269 893 2316 habenis

94 2366 142 2409 195
163 2375 278 2425 aequora
290 2361 332 2409 vix
345 2376 446 2409 summa
459 2359 567 2421 vestigia
579 2366 660 2420 ponat
673 2357 782 2406 harena:

163 2450 247 2512 qualis
261 2449 432 2512 Hyperboreis
444 2448 542 2510 Aquilo
557 2463 616 2496 curn
629 2448 722 2494 densus
736 2447 768 2494 ab
783 2447 835 2494 oris

146 2538 279 2599 incubuit,
298 2538 479 2605 Scythiaeque
492 2537 591 2588 hiemes
605 2544 683 2598 atque
695 2535 768 2582 arida
779 2535 864 2582 dilicit

130 2624 248 2688 sublim
273 2639 330 2682 tum
345 2639 458 2699 segetes
475 2633 547 2682 altae
562 2625 705 2690 campique
715 2628 838 2668 natantes
