1816 2956
294 176 464 218 GBORGIOON
482 175 570 216 amna
586 175 607 216 1.

121 336 239 399 stivaque
252 349 318 398 quae
331 349 420 383 currus
434 350 450 382 a
462 319 534 396 tergo
548 338 667 395 torqueat
679 333 754 391 imos,

53 430 101 475 175
122 431 148 473 et
160 438 285 487 suspensa
296 423 361 472 focis
374 423 493 487 explorat
505 422 600 471 robora
612 422 706 470 fumus.

157 513 267 561 Possum
280 512 363 560 multa
375 511 421 560 tibi
433 519 547 560 veterum
560 517 698 574 praecepta
709 509 812 567 referre,

121 602 149 650 ui
161 601 259 663 refugis
272 601 408 664 tenuisque
420 600 491 663 piget
504 613 660 662 cognoscere
674 613 758 647 curas,

123 705 184 739 area
196 705 255 739 cum
267 689 357 752 primis
368 689 467 750 ingenti
481 689 619 752 aequanda
631 687 750 750 cylindro

122 787 148 828 et
160 779 283 828 vertenda
294 792 374 826 mann
387 785 412 826 et
425 784 496 826 creta
508 777 647 826 solidanda
660 776 754 834 tenaci,

54 874 102 918 180
123 883 155 917 ne
168 867 277 916 subeant
289 866 384 916 herbae
397 881 446 915 neu
460 867 564 930 pulvere
576 866 645 914 victa
655 865 766 924 fatiscat,

123 963 178 1004 tum
190 956 276 1004 variae
288 955 409 1004 inludant
421 963 520 1018 pestes:
535 969 613 1016 saepe
626 953 734 1015 exiguus
747 967 804 1000 mus

123 1045 170 1094 sub
184 1044 257 1094 terrio
270 1045 407 1107 posuitque
420 1045 512 1092 domos
526 1051 603 1106 atque
617 1042 709 1090 horrea
721 1041 790 1101 facit,

123 1140 169 1183 aut
181 1133 264 1182 oculis
278 1133 345 1196 eapti
359 1133 447 1181 fodere
461 1133 558 1181 cubilia
570 1131 665 1194 talpae,

124 1223 295 1284 inventasque
307 1222 376 1271 cavis
389 1221 451 1269 bufo
465 1228 490 1270 et
502 1236 569 1284 quae
581 1220 695 1284 plurima
707 1227 790 1267 terrae

53 1317 103 1360 185
123 1317 240 1360 monstra
252 1311 349 1370 ferunt,
369 1311 529 1375 populatque
546 1311 677 1372 ingentem
694 1308 769 1356 larris
783 1322 851 1356 acer·

427 1414 486 1447 vom

125 1486 242 1537 curculio
256 1495 334 1550 atque
346 1488 419 1550 inopi
433 1495 548 1536 metuens
562 1486 670 1534 formica
683 1493 810 1535 senectae.

126 1576 315 1639 contemplator
327 1577 398 1636 item,
415 1591 473 1626 euru
486 1590 513 1624 se
526 1591 580 1624 nux
594 1575 706 1639 plurima
719 1575 789 1622 silvis

126 1665 216 1714 induet
228 1665 256 1712 in
268 1665 358 1714 florem
371 1674 397 1714 et
408 1680 494 1713 ramos
508 1665 623 1713 curvabit
636 1665 750 1712 olentes:

125 1754 147 1802 si
160 1760 283 1817 superant
295 1754 370 1814 setus,
386 1754 482 1818 pariter
494 1754 623 1802 frumenta
635 1759 774 1815 sequentur

56 1848 106 1891 190
126 1856 274 1905 magnaque
287 1858 345 1891 cum
358 1857 454 1906 magno
467 1843 552 1891 veniet
565 1842 656 1890 tritura
669 1842 773 1900 ealore;

127 1939 155 1979 at
166 1931 188 1979 si
201 1931 305 1980 luxuria
317 1931 440 1982 soliorum
453 1931 577 1981 exuberat
589 1930 689 1989 umbra,

127 2020 287 2083 nequiquam
299 2021 403 2084 pinguis
417 2021 494 2084 palea
506 2027 570 2069 teret
583 2035 643 2068 arca
656 2020 764 2068 culmos.

126 2109 227 2158 semina
239 2108 291 2156 vidi
304 2109 424 2172 equidem
437 2110 533 2157 multos
545 2109 675 2157 medicare
688 2115 800 2156 serentes

127 2205 152 2246 ct
165 2197 233 2247 nitro
246 2198 317 2261 prins
330 2203 355 2247 et
368 2199 443 2259 nigra
455 2197 607 2261 perdundcro
621 2211 738 2258 amurga,

58 2292 106 2335 195
127 2287 252 2348 grandior
264 2293 294 2334 ut
305 2286 372 2334 satus
384 2286 485 2349 siliquis
499 2286 636 2334 fallacibus
650 2292 716 2334 esset

128 2383 153 2424 et
166 2375 283 2438 quamvis
296 2375 350 2436 igni
364 2375 458 2437 exiguo
472 2380 611 2438 properata
624 2375 765 2422 maderent.

126 2464 180 2512 vidi
193 2465 262 2512 lecta
274 2464 318 2512 diu
331 2470 356 2512 et
368 2465 451 2512 multo
463 2470 583 2530 spectata
594 2464 690 2515 labore

122 2553 276 2610 degenerare
289 2558 385 2614 tamon,
403 2555 430 2605 ni
444 2557 485 2609 vis
498 2558 628 2610 humana
642 2552 812 2624 quotannis

102 2635 219 2683 mmm
233 2652 356 2706 quaeque
370 2661 461 2702 manu
477 2653 599 2719 legeret.
634 2653 677 2704 sic
693 2647 803 2701 omnia
814 2637 887 2690 baffi
