1816 2956
275 210 446 253 onoaorcou
464 212 552 252 amna
569 213 590 254 1.
653 199 655 203 ’

55 378 80 420 to
100 377 170 420 terra
182 369 283 430 tremit3
298 369 388 432 fugere
400 369 470 419 ferae
483 375 508 419 et
520 369 642 419 mortalia
655 371 736 420 eorda

100 473 147 522 per
159 465 249 520 gentes
261 457 367 506 humilis
380 458 469 506 stravit
481 473 576 521 pavore
591 458 637 507 ille
650 459 771 522 flagranti

101 553 146 595 ant
158 546 248 594 Athon
261 543 306 594 aut
317 546 462 610 Rhodopen
475 554 520 596 aut
533 548 587 596 alta
600 546 729 596 Ceraunia
742 549 794 597 telo

101 635 195 694 deicit3
209 634 372 696 ingeminant
385 635 463 683 austri
477 642 503 684 et
515 636 681 685 densissimus
694 637 785 697 imber,

100 737 171 771 nnnc
183 736 291 771 nemora
302 723 402 784 ingenti
413 730 499 783 vento,
517 738 587 772 nunc
600 724 677 772 litora
689 725 827 789 plangunt.

55 816 79 859 ts
100 811 152 858 hoc
165 817 282 859 metuens
296 811 360 860 caeli
374 825 474 860 menses
488 818 513 860 et
525 812 611 860 sidera
623 827 704 873 serva,

101 898 199 960 frigida
212 897 316 947 Saturni
330 913 386 948 sese
399 913 451 962 qno
464 900 541 948 stella
554 907 675 963 receptet,

100 1001 167 1050 qnos
179 985 248 1048 ignis
262 987 335 1036 eaelo
349 985 483 1050 Cyllenius
497 995 563 1036 erret
575 988 602 1036 in
616 989 693 1037 orbis.

100 1076 129 1123 in
141 1075 231 1138 primis
244 1089 365 1123 venerare
378 1075 440 1124 deos
453 1084 532 1139 atque
545 1090 632 1125 annua
644 1091 756 1138 magnae

100 1179 176 1212 sacra
188 1163 255 1212 refer
268 1161 356 1211 Cereri
370 1164 443 1213 laetis
456 1171 577 1228 operatus
591 1165 618 1212 in
630 1164 717 1214 herbis

55 1260 80 1302 ιο
101 1259 231 1302 extremae
244 1252 291 1300 sub
306 1267 394 1301 casum
406 1254 506 1313 hiemis,
522 1254 575 1303 iam
587 1267 645 1303 vere
658 1267 757 1302 sereno.

100 1349 156 1390 tum
168 1341 278 1404 pingues
292 1341 352 1403 agni
366 1349 391 1391 et
404 1349 459 1390 tum
471 1343 625 1391 mollissima
637 1342 706 1401 rina,

100 1437 157 1478 tum
169 1431 253 1478 somni
268 1430 356 1478 dulces
370 1431 515 1494 densaeque
527 1432 555 1480 in
568 1431 698 1479 montibus
711 1431 826 1479 umbrae.

101 1525 196 1568 cuncta
208 1518 254 1566 tibi
269 1517 390 1567 Cererem
402 1519 483 1583 pubes
496 1520 603 1582 agrestis
617 1520 720 1591 adoret:

101 1608 143 1656 cui
157 1614 185 1655 tu
198 1608 266 1657 lacte
278 1607 350 1656 favos
364 1614 389 1655 et
401 1607 456 1655 miti
470 1607 540 1656 dilue
552 1608 666 1668 Baccho,

55 1703 80 1746 45
101 1703 192 1759 terque
204 1711 283 1745 novas
297 1696 393 1744 circum
406 1696 468 1744 felia
482 1703 523 1745 eat
535 1697 620 1745 hostia
632 1696 727 1759 fruges,

101 1786 186 1835 omnis
199 1801 278 1849 qnam
291 1785 384 1834 chorus
398 1792 423 1834 et
435 1785 498 1834 socii
512 1786 665 1834 comitentur
679 1791 793 1844 ovantes,

100 1883 127 1925 et
140 1874 259 1924 Cererem
273 1875 387 1923 clamore
399 1881 491 1923 vocent
502 1875 529 1922 in
542 1881 623 1934 tecta3
638 1888 722 1937 neque
735 1880 794 1922 ante

101 1965 196 2014 falcem
209 1963 316 2012 maturis
329 1963 467 2027 quisquam
480 1969 609 2026 supponat
622 1962 706 2011 aristis

100 2067 180 2116 quam
193 2051 280 2101 Cereri
293 2059 362 2100 torta
374 2051 506 2101 redimitus
520 2057 636 2117 tempora
649 2066 745 2114 quercu

55 2148 78 2190 ιο
100 2141 144 2190 det
157 2147 243 2189 motus
256 2141 433 2203 inconpositos
447 2147 472 2189 et
485 2139 600 2188 carmina
613 2140 690 2189 dicat.

135 2229 223 2293 Atque
236 2229 301 2278 haec
313 2236 342 2276 ut
355 2229 430 2277 certis
443 2243 577 2293 possemus
590 2229 688 2278 discere
701 2228 790 2290 signis,

100 2325 242 2381 aestusque
255 2318 407 2381 pluviasque
420 2324 445 2366 et
457 2318 557 2379 agentis
570 2317 669 2379 frigora
680 2324 779 2375 ventos,

99 2407 156 2470 ipse
169 2413 243 2471 pater
255 2406 344 2454 statuit
356 2406 418 2469 quid
431 2413 563 2455 menstrua
576 2406 638 2454 luna
650 2410 775 2462 moneret,

100 2510 153 2559 qno
167 2495 243 2556 signo
256 2495 376 2544 caderent
387 2495 476 2558 austri,
493 2496 558 2564 quid
572 2513 654 2565 saepe
664 2496 789 2547 ridentes

55 2589 69 2627 5
86 2581 217 2638 agricolae
227 2583 341 2644 propius
352 2586 470 2640 stabulis
486 2599 617 2645 armenta
630 2595 773 2645 tenerent.

71 2663 194 2710 continuo
209 2669 293 2718 ventis
306 2679 490 2742 surgentibus
505 2693 562 2739 aut
575 2687 657 2740 freta
667 2683 759 2757 ponti
