1816 2956
241 182 411 223 ouoaurcou
428 183 516 223 ursae
529 184 570 224 rv.
744 175 801 224 109

29 346 54 390 ts
75 341 147 404 ipsae
161 340 296 389 consident
308 340 441 389 medicatis
454 340 565 400 sedibus,
581 340 653 404 ipsae

75 430 168 478 intima
180 443 251 478 more
264 443 310 477 suo
324 444 380 478 sese
393 429 419 476 iu
433 430 562 478 cunabula
576 431 695 479 condent.

111 516 158 567 Sin
172 525 257 567 autem
271 519 303 566 ad
317 533 432 581 pugnam
445 518 554 566 exierint
572 517 645 580 (nam
663 534 739 582 saepe
759 520 804 567 du·

378 606 442 654 obus

75 695 179 758 regibus
192 695 297 743 incessit
309 709 405 756 magno
419 696 549 744 discordia
561 703 631 743 motu
642 713 648 756 3

75 784 251 847 continuoque
265 785 365 832 animos
378 785 446 846 volgi
460 791 485 832 et
497 785 655 847 trepidantia
667 784 737 834 bello

29 879 55 921 to
76 872 156 920 corda
169 873 229 920 lieet
241 874 319 934 longe
331 874 517 935 praesciscere;
536 888 648 936 namque
661 875 786 923 morantis

74 961 184 1009 Martius
197 962 241 1009 ille
255 961 320 1009 aeris
333 962 404 1009 rauci
419 976 498 1010 eanor
510 961 627 1023 increpat
639 970 664 1011 et
676 979 727 1010 vox

76 1050 180 1098 auditur
192 1049 286 1098 fractos
299 1050 398 1097 sonitus
411 1051 512 1098 imitata
524 1050 643 1098 tubarum
654 1068 660 1111 ;

75 1145 130 1186 tum
143 1138 258 1200 trepidae
271 1138 337 1186 inter
349 1153 376 1186 se
390 1146 483 1186 coeunt
495 1139 633 1202 pinnisque
650 1148 787 1188 coruscant

75 1227 227 1290 spieulaque
240 1235 370 1276 exacuunt
382 1228 471 1275 rostris
485 1235 625 1290 aptantque
640 1229 748 1276 lacertos

29 1322 55 1364 ⁹5
76 1324 102 1364 et
115 1316 183 1364 eirea
195 1330 282 1378 regern
295 1323 372 1378 atque
385 1317 441 1380 ipsa
454 1317 486 1364 ad
500 1317 631 1380 praetoria
644 1319 739 1368 densae

75 1405 215 1454 miscentur
228 1405 380 1468 magnisque
393 1413 487 1453 vocant
499 1405 655 1453 clamoribus
672 1407 801 1470 hostem):

75 1508 137 1555 ergo
150 1493 194 1540 ubi
208 1507 251 1540 ver
264 1501 355 1542 nactae
368 1495 460 1541 sudum
474 1509 630 1556 camposque
646 1496 766 1557 patentis,

75 1588 213 1645 erumpunt
225 1583 320 1645 portis:
342 1583 511 1644 concurritur,
528 1583 630 1631 aethere
643 1583 669 1630 iu
685 1584 738 1632 alto

74 1672 103 1719 fit
115 1672 223 1730 sonitus,
238 1686 361 1732 magnum
374 1672 471 1720 mixtae
483 1672 661 1732 glomerantur
673 1673 700 1720 in
714 1673 803 1721 orbem

29 1767 55 1809 to
75 1761 279 1824 praecipitesque
293 1761 404 1819 eadunt;
419 1775 470 1807 nou
485 1761 589 1808 densior
601 1776 660 1809 aere
673 1762 782 1822 grando,

74 1865 122 1898 nee
136 1850 167 1898 de
181 1864 306 1898 concussa
319 1856 419 1897 tantum
432 1850 498 1911 pluit
510 1849 569 1897 ilice
582 1850 693 1911 glandis.

74 1939 123 2001 ipsi
137 1953 183 2002 per
195 1938 292 1986 medias
307 1938 374 1986 acies
388 1937 532 1999 insignibus
547 1939 594 1989 alis

74 2027 186 2088 ingentis
200 2028 300 2076 animos
315 2034 425 2088 angusto
439 2027 465 2073 in
478 2034 582 2089 pectore
595 2036 705 2085 versant,

75 2131 157 2178 usque
170 2116 235 2164 adeo
249 2116 337 2163 obnixi
352 2131 404 2163 non
416 2116 514 2173 cedere,
531 2116 591 2163 dum
603 2117 687 2176 gravis
701 2124 744 2164 aut
756 2116 803 2163 hos

29 2210 53 2253 35
75 2213 120 2252 aut
132 2205 179 2253 bos
192 2219 264 2252 versa
276 2205 339 2265 fuga
351 2205 432 2252 vietor
445 2205 505 2252 dare
518 2211 591 2266 terga
603 2205 713 2266 subegit.

74 2293 101 2340 hi
115 2301 200 2341 motus
213 2294 359 2341 animorum
373 2300 450 2355 atque
464 2293 528 2343 haec
541 2295 682 2342 certamina
696 2301 768 2342 tauta

75 2381 185 2444 pulveris
199 2383 285 2443 exigui
299 2383 368 2430 iaetu
383 2396 529 2445 compressa
542 2383 685 2446 quieseunt.

111 2470 207 2518 Verum
221 2471 264 2527 ubi
279 2472 397 2519 ductores
410 2472 464 2520 acie
478 2473 636 2520 reveeaveris
650 2473 735 2529 arnbo,
798 2485 801 2490 '

74 2559 186 2607 deterior
200 2560 243 2621 qui
256 2560 333 2618 visus,
349 2575 416 2619 eum,
433 2575 464 2608 ne
477 2561 601 2623 prodigus
616 2559 691 2617 obsit,

29 2655 54 2698 to
75 2648 140 2697 dede
154 2649 209 2696 neci
221 2664 227 2707 ;
247 2649 339 2696 melior
351 2663 432 2696 vacua
446 2649 502 2698 sino
514 2656 607 2712 regnet
617 2648 648 2697 in
659 2648 734 2696 auia„
