<?xml version="1.0" encoding="UTF-8"?>
<!DOCTYPE html PUBLIC "-//W3C//DTD XHTML 1.0 Transitional//EN"
    "http://www.w3.org/TR/xhtml1/DTD/xhtml1-transitional.dtd">
<html xmlns="http://www.w3.org/1999/xhtml" xml:lang="en" lang="en">
 <head>
  <title>
</title>
<meta http-equiv="Content-Type" content="text/html;charset=utf-8" />
  <meta name='ocr-system' content='tesseract 3.04.00' />
  <meta name='ocr-capabilities' content='ocr_page ocr_carea ocr_par ocr_line ocrx_word'/>
</head>
<body>
  <div class='ocr_page' id='page_1' title='image "./pvergiliusmaro01virggoog/pvergiliusmaro01virggoog_0181.png"; bbox 0 0 1816 2956; ppageno 0'>
   <div class='ocr_carea' id='block_1_1' title="bbox 102 190 653 238">
    <p class='ocr_par' dir='ltr' id='par_1_1' title="bbox 102 190 653 238">
     <span class='ocr_line' id='line_1_1' title="bbox 102 190 653 238; baseline 0.005 -3"><span class='ocrx_word' id='word_1_1' title='bbox 102 190 158 235; x_wconf 78' lang='lat'>17¹2</span> <span class='ocrx_word' id='word_1_2' title='bbox 337 199 363 238; x_wconf 81' lang='grc' dir='ltr'><strong>Ρ.</strong></span> <span class='ocrx_word' id='word_1_3' title='bbox 380 199 502 238; x_wconf 72' lang='lat' dir='ltr'>VERGILI</span> <span class='ocrx_word' id='word_1_4' title='bbox 522 197 653 238; x_wconf 72' lang='lat' dir='ltr'><strong>Manuale</strong></span> 
     </span>
    </p>
   </div>
   <div class='ocr_carea' id='block_1_2' title="bbox 69 354 896 2376">
    <p class='ocr_par' dir='ltr' id='par_1_2' title="bbox 98 354 846 417">
     <span class='ocr_line' id='line_1_2' title="bbox 98 354 846 417; baseline 0.001 -14"><span class='ocrx_word' id='word_1_5' title='bbox 98 360 148 403; x_wconf 84' lang='grc'><strong>325</strong></span> <span class='ocrx_word' id='word_1_6' title='bbox 167 355 326 404; x_wconf 80' lang='lat' dir='ltr'><strong>Dardaniae.</strong></span> <span class='ocrx_word' id='word_1_7' title='bbox 353 354 447 402; x_wconf 88' lang='lat' dir='ltr'><strong>fuimus</strong></span> <span class='ocrx_word' id='word_1_8' title='bbox 461 355 550 414; x_wconf 86' lang='lat' dir='ltr'>Troes,</span> <span class='ocrx_word' id='word_1_9' title='bbox 566 355 615 402; x_wconf 91' lang='lat' dir='ltr'><strong>fuit</strong></span> <span class='ocrx_word' id='word_1_10' title='bbox 626 355 704 403; x_wconf 90' lang='lat' dir='ltr'><strong>Ilium</strong></span> <span class='ocrx_word' id='word_1_11' title='bbox 716 362 741 404; x_wconf 92' lang='lat' dir='ltr'><strong>et</strong></span> <span class='ocrx_word' id='word_1_12' title='bbox 751 355 846 417; x_wconf 51' lang='lat' dir='ltr'><strong>¹ingens</strong></span> 
     </span>
    </p>

    <p class='ocr_par' dir='ltr' id='par_1_3' title="bbox 69 424 858 773">
     <span class='ocr_line' id='line_1_3' title="bbox 69 424 858 507; baseline 0.001 -15"><span class='ocrx_word' id='word_1_13' title='bbox 69 424 74 433; x_wconf 39' lang='lat'><em>⁵</em></span> <span class='ocrx_word' id='word_1_14' title='bbox 168 445 252 507; x_wconf 81' lang='lat' dir='ltr'><strong>gloria</strong></span> <span class='ocrx_word' id='word_1_15' title='bbox 264 444 439 504; x_wconf 67' lang='lat' dir='ltr'><strong>Teucrorum</strong></span> <span class='ocrx_word' id='word_1_16' title='bbox 459 444 526 492; x_wconf 88' lang='lat' dir='ltr'><strong>ferus</strong></span> <span class='ocrx_word' id='word_1_17' title='bbox 541 445 629 492; x_wconf 88' lang='lat' dir='ltr'><strong>omnia</strong></span> <span class='ocrx_word' id='word_1_18' title='bbox 642 444 757 507; x_wconf 89' lang='lat' dir='ltr'><strong>luppiter</strong></span> <span class='ocrx_word' id='word_1_19' title='bbox 769 445 858 506; x_wconf 78' lang='lat' dir='ltr'><strong>Argoa</strong></span> 
     </span>
     <span class='ocr_line' id='line_1_4' title="bbox 168 532 843 591; baseline 0 -11"><span class='ocrx_word' id='word_1_20' title='bbox 168 532 314 591; x_wconf 83' lang='lat' dir='ltr'><strong>transtulit3</strong></span> <span class='ocrx_word' id='word_1_21' title='bbox 332 533 439 580; x_wconf 87' lang='lat' dir='ltr'><strong>incensa</strong></span> <span class='ocrx_word' id='word_1_22' title='bbox 451 532 537 580; x_wconf 88' lang='lat' dir='ltr'><strong>Danai</strong></span> <span class='ocrx_word' id='word_1_23' title='bbox 551 533 717 580; x_wconf 80' lang='lat' dir='ltr'><strong>dominantur</strong></span> <span class='ocrx_word' id='word_1_24' title='bbox 729 532 755 579; x_wconf 91' lang='lat' dir='ltr'><strong>in</strong></span> <span class='ocrx_word' id='word_1_25' title='bbox 769 532 843 581; x_wconf 86' lang='lat' dir='ltr'><strong>urbe.</strong></span> 
     </span>
     <span class='ocr_line' id='line_1_5' title="bbox 169 621 798 670; baseline 0 -1"><span class='ocrx_word' id='word_1_26' title='bbox 169 622 263 669; x_wconf 87' lang='lat' dir='ltr'><strong>arduos</strong></span> <span class='ocrx_word' id='word_1_27' title='bbox 277 627 388 669; x_wconf 88' lang='lat' dir='ltr'><strong>armatos</strong></span> <span class='ocrx_word' id='word_1_28' title='bbox 402 622 492 669; x_wconf 86' lang='lat' dir='ltr'><strong>mediis</strong></span> <span class='ocrx_word' id='word_1_29' title='bbox 505 621 533 668; x_wconf 92' lang='lat' dir='ltr'><strong>iu</strong></span> <span class='ocrx_word' id='word_1_30' title='bbox 545 621 680 670; x_wconf 85' lang='lat' dir='ltr'><strong>moenibus</strong></span> <span class='ocrx_word' id='word_1_31' title='bbox 693 621 798 669; x_wconf 76' lang='lat' dir='ltr'><strong>adstans</strong></span> 
     </span>
     <span class='ocr_line' id='line_1_6' title="bbox 168 702 804 773; baseline 0 -15"><span class='ocrx_word' id='word_1_32' title='bbox 168 710 253 758; x_wconf 90' lang='lat' dir='ltr'><strong>fundit</strong></span> <span class='ocrx_word' id='word_1_33' title='bbox 266 702 325 758; x_wconf 76' lang='lat' dir='ltr'><strong>eous</strong></span> <span class='ocrx_word' id='word_1_34' title='bbox 338 710 470 773; x_wconf 85' lang='lat' dir='ltr'><strong>victorque</strong></span> <span class='ocrx_word' id='word_1_35' title='bbox 484 709 565 758; x_wconf 88' lang='lat' dir='ltr'><strong>Sinon</strong></span> <span class='ocrx_word' id='word_1_36' title='bbox 579 710 700 758; x_wconf 89' lang='lat' dir='ltr'><strong>incendia</strong></span> <span class='ocrx_word' id='word_1_37' title='bbox 712 709 804 759; x_wconf 83' lang='lat' dir='ltr'><strong>miscet</strong></span> 
     </span>
    </p>

    <p class='ocr_par' dir='ltr' id='par_1_4' title="bbox 98 799 818 1038">
     <span class='ocr_line' id='line_1_7' title="bbox 98 799 776 862; baseline -0.003 -15"><span class='ocrx_word' id='word_1_38' title='bbox 98 805 149 847; x_wconf 91' lang='grc'><strong>330</strong></span> <span class='ocrx_word' id='word_1_39' title='bbox 167 799 306 847; x_wconf 88' lang='lat' dir='ltr'><strong>insultans.</strong></span> <span class='ocrx_word' id='word_1_40' title='bbox 333 800 413 862; x_wconf 85' lang='lat' dir='ltr'><strong>portis</strong></span> <span class='ocrx_word' id='word_1_41' title='bbox 428 800 472 848; x_wconf 90' lang='lat' dir='ltr'><strong>alii</strong></span> <span class='ocrx_word' id='word_1_42' title='bbox 486 799 660 861; x_wconf 82' lang='lat' dir='ltr'><strong>bipatentibus</strong></span> <span class='ocrx_word' id='word_1_43' title='bbox 674 799 776 858; x_wconf 89' lang='lat' dir='ltr'><strong>adsunt,</strong></span> 
     </span>
     <span class='ocr_line' id='line_1_8' title="bbox 167 887 818 951; baseline -0.002 -15"><span class='ocrx_word' id='word_1_44' title='bbox 167 889 241 936; x_wconf 88' lang='lat' dir='ltr'><strong>milia</strong></span> <span class='ocrx_word' id='word_1_45' title='bbox 254 895 318 951; x_wconf 84' lang='lat' dir='ltr'><strong>quot</strong></span> <span class='ocrx_word' id='word_1_46' title='bbox 329 889 431 950; x_wconf 88' lang='lat' dir='ltr'><strong>magnis</strong></span> <span class='ocrx_word' id='word_1_47' title='bbox 444 902 567 950; x_wconf 89' lang='lat' dir='ltr'><strong>umquam</strong></span> <span class='ocrx_word' id='word_1_48' title='bbox 580 901 672 936; x_wconf 90' lang='lat' dir='ltr'><strong>venere</strong></span> <span class='ocrx_word' id='word_1_49' title='bbox 684 887 800 949; x_wconf 87' lang='lat' dir='ltr'><strong>Mycenis</strong></span> <span class='ocrx_word' id='word_1_50' title='bbox 811 903 818 948; x_wconf 84' lang='lat'>3</span> 
     </span>
     <span class='ocr_line' id='line_1_9' title="bbox 169 976 656 1038; baseline -0.006 -13"><span class='ocrx_word' id='word_1_51' title='bbox 169 976 292 1025; x_wconf 73' lang='lat' dir='ltr'><strong>obsedere</strong></span> <span class='ocrx_word' id='word_1_52' title='bbox 305 977 349 1024; x_wconf 87' lang='lat' dir='ltr'><strong>alii</strong></span> <span class='ocrx_word' id='word_1_53' title='bbox 363 977 421 1025; x_wconf 89' lang='lat' dir='ltr'><strong>telis</strong></span> <span class='ocrx_word' id='word_1_54' title='bbox 434 984 545 1038; x_wconf 82' lang='lat' dir='ltr'><strong>angusta</strong></span> <span class='ocrx_word' id='word_1_55' title='bbox 556 976 656 1023; x_wconf 82' lang='lat' dir='ltr'><strong>viarum</strong></span> 
     </span>
    </p>

    <p class='ocr_par' dir='ltr' id='par_1_5' title="bbox 142 1066 778 1129">
     <span class='ocr_line' id='line_1_10' title="bbox 142 1066 778 1129; baseline -0.005 -14"><span class='ocrx_word' id='word_1_56' title='bbox 142 1087 145 1092; x_wconf 96' lang='lat'><em>·</em></span> <span class='ocrx_word' id='word_1_57' title='bbox 169 1066 297 1129; x_wconf 86' lang='lat' dir='ltr'><strong>oppositi;</strong></span> <span class='ocrx_word' id='word_1_58' title='bbox 317 1073 367 1113; x_wconf 89' lang='lat' dir='ltr'><strong>stat</strong></span> <span class='ocrx_word' id='word_1_59' title='bbox 379 1066 438 1114; x_wconf 85' lang='lat' dir='ltr'><strong>ferri</strong></span> <span class='ocrx_word' id='word_1_60' title='bbox 453 1066 520 1114; x_wconf 86' lang='lat' dir='ltr'><strong>acies</strong></span> <span class='ocrx_word' id='word_1_61' title='bbox 533 1078 657 1112; x_wconf 87' lang='lat' dir='ltr'><strong>mucrone</strong></span> <span class='ocrx_word' id='word_1_62' title='bbox 670 1077 778 1112; x_wconf 86' lang='lat' dir='ltr'><strong>corusco</strong></span> 
     </span>
    </p>

    <p class='ocr_par' dir='ltr' id='par_1_6' title="bbox 169 1153 864 1220">
     <span class='ocr_line' id='line_1_11' title="bbox 169 1153 864 1220; baseline -0.001 -17"><span class='ocrx_word' id='word_1_63' title='bbox 169 1155 265 1214; x_wconf 83' lang='lat' dir='ltr'><strong>stricta,</strong></span> <span class='ocrx_word' id='word_1_64' title='bbox 280 1163 371 1217; x_wconf 88' lang='lat' dir='ltr'><strong>parata</strong></span> <span class='ocrx_word' id='word_1_65' title='bbox 384 1154 457 1213; x_wconf 80' lang='lat' dir='ltr'><strong>neei3</strong></span> <span class='ocrx_word' id='word_1_66' title='bbox 477 1154 520 1200; x_wconf 88' lang='lat' dir='ltr'><strong>vix</strong></span> <span class='ocrx_word' id='word_1_67' title='bbox 532 1153 608 1216; x_wconf 89' lang='lat' dir='ltr'><strong>primi</strong></span> <span class='ocrx_word' id='word_1_68' title='bbox 622 1153 722 1216; x_wconf 88' lang='lat' dir='ltr'><strong>proelia</strong></span> <span class='ocrx_word' id='word_1_69' title='bbox 734 1159 864 1220; x_wconf 78' lang='lat' dir='ltr'><strong>temptant</strong></span> 
     </span>
    </p>

    <p class='ocr_par' dir='ltr' id='par_1_7' title="bbox 98 1232 895 1661">
     <span class='ocr_line' id='line_1_12' title="bbox 98 1232 783 1306; baseline -0.004 -15"><span class='ocrx_word' id='word_1_70' title='bbox 98 1248 148 1291; x_wconf 87' lang='grc'><strong>335</strong></span> <span class='ocrx_word' id='word_1_71' title='bbox 168 1251 301 1306; x_wconf 80' lang='lat' dir='ltr'><strong>portarum</strong></span> <span class='ocrx_word' id='word_1_72' title='bbox 314 1243 404 1304; x_wconf 79' lang='lat' dir='ltr'><strong>vigiles</strong></span> <span class='ocrx_word' id='word_1_73' title='bbox 418 1250 442 1290; x_wconf 89' lang='lat' dir='ltr'><strong>et</strong></span> <span class='ocrx_word' id='word_1_74' title='bbox 456 1257 533 1291; x_wconf 88' lang='lat' dir='ltr'><strong>eaeeo</strong></span> <span class='ocrx_word' id='word_1_75' title='bbox 546 1243 629 1290; x_wconf 89' lang='lat' dir='ltr'><strong>Marte</strong></span> <span class='ocrx_word' id='word_1_76' title='bbox 642 1232 783 1290; x_wconf 84' lang='lat' dir='ltr'><strong>resistunt.²</strong></span> 
     </span>
     <span class='ocr_line' id='line_1_13' title="bbox 168 1330 768 1394; baseline -0.005 -14"><span class='ocrx_word' id='word_1_77' title='bbox 168 1333 263 1380; x_wconf 87' lang='lat' dir='ltr'><strong>talibus</strong></span> <span class='ocrx_word' id='word_1_78' title='bbox 277 1331 424 1394; x_wconf 85' lang='lat' dir='ltr'><strong>Othryadae</strong></span> <span class='ocrx_word' id='word_1_79' title='bbox 439 1331 512 1379; x_wconf 87' lang='lat' dir='ltr'><strong>dietis</strong></span> <span class='ocrx_word' id='word_1_80' title='bbox 526 1337 551 1379; x_wconf 93' lang='lat' dir='ltr'><strong>et</strong></span> <span class='ocrx_word' id='word_1_81' title='bbox 563 1331 668 1378; x_wconf 89' lang='lat' dir='ltr'><strong>numine</strong></span> <span class='ocrx_word' id='word_1_82' title='bbox 682 1330 768 1378; x_wconf 88' lang='lat' dir='ltr'><strong>divom</strong></span> 
     </span>
     <span class='ocr_line' id='line_1_14' title="bbox 167 1418 851 1483; baseline 0 -15"><span class='ocrx_word' id='word_1_83' title='bbox 167 1422 194 1468; x_wconf 91' lang='lat' dir='ltr'><strong>in</strong></span> <span class='ocrx_word' id='word_1_84' title='bbox 207 1423 324 1470; x_wconf 85' lang='lat' dir='ltr'><strong>flammas</strong></span> <span class='ocrx_word' id='word_1_85' title='bbox 338 1430 363 1470; x_wconf 89' lang='lat' dir='ltr'><strong>et</strong></span> <span class='ocrx_word' id='word_1_86' title='bbox 373 1422 401 1469; x_wconf 90' lang='lat' dir='ltr'><strong>in</strong></span> <span class='ocrx_word' id='word_1_87' title='bbox 415 1435 486 1469; x_wconf 90' lang='lat' dir='ltr'><strong>arma</strong></span> <span class='ocrx_word' id='word_1_88' title='bbox 499 1420 575 1479; x_wconf 81' lang='lat' dir='ltr'><strong>feror,</strong></span> <span class='ocrx_word' id='word_1_89' title='bbox 591 1434 643 1482; x_wconf 89' lang='lat' dir='ltr'><strong>quo</strong></span> <span class='ocrx_word' id='word_1_90' title='bbox 656 1418 735 1466; x_wconf 90' lang='lat' dir='ltr'><strong>tristis</strong></span> <span class='ocrx_word' id='word_1_91' title='bbox 748 1419 851 1483; x_wconf 85' lang='lat' dir='ltr'><strong>Erinys,</strong></span> 
     </span>
     <span class='ocr_line' id='line_1_15' title="bbox 168 1507 895 1574; baseline 0.003 -17"><span class='ocrx_word' id='word_1_92' title='bbox 168 1526 220 1574; x_wconf 90' lang='lat' dir='ltr'><strong>quo</strong></span> <span class='ocrx_word' id='word_1_93' title='bbox 233 1511 348 1560; x_wconf 83' lang='lat' dir='ltr'><strong>fremitus</strong></span> <span class='ocrx_word' id='word_1_94' title='bbox 361 1517 437 1558; x_wconf 88' lang='lat' dir='ltr'><strong>vocat</strong></span> <span class='ocrx_word' id='word_1_95' title='bbox 449 1517 474 1558; x_wconf 90' lang='lat' dir='ltr'><strong>et</strong></span> <span class='ocrx_word' id='word_1_96' title='bbox 486 1510 602 1557; x_wconf 89' lang='lat' dir='ltr'><strong>sublatus</strong></span> <span class='ocrx_word' id='word_1_97' title='bbox 616 1508 648 1555; x_wconf 87' lang='lat' dir='ltr'><strong>ad</strong></span> <span class='ocrx_word' id='word_1_98' title='bbox 666 1507 770 1556; x_wconf 84' lang='lat' dir='ltr'><strong>aethera</strong></span> <span class='ocrx_word' id='word_1_99' title='bbox 787 1509 895 1560; x_wconf 87' lang='lat' dir='ltr'><strong>elamor.</strong></span> 
     </span>
     <span class='ocr_line' id='line_1_16' title="bbox 168 1597 803 1661; baseline -0.006 -13"><span class='ocrx_word' id='word_1_100' title='bbox 168 1601 266 1648; x_wconf 89' lang='lat' dir='ltr'><strong>addunt</strong></span> <span class='ocrx_word' id='word_1_101' title='bbox 278 1615 305 1649; x_wconf 91' lang='lat' dir='ltr'><strong>se</strong></span> <span class='ocrx_word' id='word_1_102' title='bbox 319 1600 403 1648; x_wconf 82' lang='lat' dir='ltr'><strong>socios</strong></span> <span class='ocrx_word' id='word_1_103' title='bbox 416 1599 531 1661; x_wconf 86' lang='lat' dir='ltr'><strong>Rhipeus</strong></span> <span class='ocrx_word' id='word_1_104' title='bbox 545 1606 570 1646; x_wconf 92' lang='lat' dir='ltr'><strong>et</strong></span> <span class='ocrx_word' id='word_1_105' title='bbox 582 1597 710 1644; x_wconf 89' lang='lat' dir='ltr'><strong>maximus</strong></span> <span class='ocrx_word' id='word_1_106' title='bbox 724 1597 803 1644; x_wconf 90' lang='lat' dir='ltr'><strong>armis</strong></span> 
     </span>
    </p>

    <p class='ocr_par' dir='ltr' id='par_1_8' title="bbox 97 1685 896 2106">
     <span class='ocr_line' id='line_1_17' title="bbox 97 1685 894 1752; baseline -0.003 -16"><span class='ocrx_word' id='word_1_107' title='bbox 97 1695 147 1737; x_wconf 74' lang='grc'><strong>340</strong></span> <span class='ocrx_word' id='word_1_108' title='bbox 166 1689 273 1752; x_wconf 85' lang='lat' dir='ltr'><strong>Epytus,</strong></span> <span class='ocrx_word' id='word_1_109' title='bbox 290 1689 370 1737; x_wconf 88' lang='lat' dir='ltr'><strong>oblati</strong></span> <span class='ocrx_word' id='word_1_110' title='bbox 384 1703 429 1751; x_wconf 89' lang='lat' dir='ltr'><strong>per</strong></span> <span class='ocrx_word' id='word_1_111' title='bbox 441 1689 539 1745; x_wconf 82' lang='lat' dir='ltr'><strong>innam,</strong></span> <span class='ocrx_word' id='word_1_112' title='bbox 555 1686 723 1749; x_wconf 79' lang='lat' dir='ltr'><strong>Hypanisque</strong></span> <span class='ocrx_word' id='word_1_113' title='bbox 735 1685 894 1750; x_wconf 85' lang='lat' dir='ltr'><strong>Dymasque,</strong></span> 
     </span>
     <span class='ocr_line' id='line_1_18' title="bbox 167 1773 896 1839; baseline -0.001 -13"><span class='ocrx_word' id='word_1_114' title='bbox 167 1787 191 1827; x_wconf 94' lang='lat' dir='ltr'><strong>et</strong></span> <span class='ocrx_word' id='word_1_115' title='bbox 204 1779 278 1827; x_wconf 88' lang='lat' dir='ltr'><strong>lateri</strong></span> <span class='ocrx_word' id='word_1_116' title='bbox 293 1778 472 1839; x_wconf 81' lang='lat' dir='ltr'><strong>adglomerant</strong></span> <span class='ocrx_word' id='word_1_117' title='bbox 485 1781 583 1833; x_wconf 85' lang='lat' dir='ltr'><strong>nostre,</strong></span> <span class='ocrx_word' id='word_1_118' title='bbox 599 1775 749 1837; x_wconf 84' lang='lat' dir='ltr'><strong>iuvenisque</strong></span> <span class='ocrx_word' id='word_1_119' title='bbox 763 1773 896 1825; x_wconf 84' lang='lat' dir='ltr'><strong>Coroebus</strong></span> 
     </span>
     <span class='ocr_line' id='line_1_19' title="bbox 166 1863 773 1930; baseline -0.008 -14"><span class='ocrx_word' id='word_1_120' title='bbox 166 1867 353 1930; x_wconf 77' lang='lat' dir='ltr'><strong>Mygdonides:</strong></span> <span class='ocrx_word' id='word_1_121' title='bbox 373 1866 428 1913; x_wconf 87' lang='lat' dir='ltr'><strong>iilis·</strong></span> <span class='ocrx_word' id='word_1_122' title='bbox 439 1866 471 1912; x_wconf 87' lang='lat' dir='ltr'><strong>ad</strong></span> <span class='ocrx_word' id='word_1_123' title='bbox 485 1864 591 1911; x_wconf 86' lang='lat' dir='ltr'><strong>Troiam</strong></span> <span class='ocrx_word' id='word_1_124' title='bbox 604 1863 669 1911; x_wconf 83' lang='lat' dir='ltr'><strong>forte</strong></span> <span class='ocrx_word' id='word_1_125' title='bbox 683 1863 773 1912; x_wconf 92' lang='lat' dir='ltr'><strong>diebus</strong></span> 
     </span>
     <span class='ocr_line' id='line_1_20' title="bbox 167 1947 808 2014; baseline -0.003 -10"><span class='ocrx_word' id='word_1_126' title='bbox 167 1963 279 2014; x_wconf 82' lang='lat' dir='ltr'><strong>venerat,</strong></span> <span class='ocrx_word' id='word_1_127' title='bbox 295 1956 388 2003; x_wconf 88' lang='lat' dir='ltr'><strong>insano</strong></span> <span class='ocrx_word' id='word_1_128' title='bbox 403 1947 564 2002; x_wconf 85' lang='lat' dir='ltr'><strong>Cassandrae</strong></span> <span class='ocrx_word' id='word_1_129' title='bbox 577 1953 696 2000; x_wconf 88' lang='lat' dir='ltr'><strong>incensus</strong></span> <span class='ocrx_word' id='word_1_130' title='bbox 711 1967 808 2013; x_wconf 84' lang='lat' dir='ltr'><strong>amore,</strong></span> 
     </span>
     <span class='ocr_line' id='line_1_21' title="bbox 167 2042 868 2106; baseline -0.004 -12"><span class='ocrx_word' id='word_1_131' title='bbox 167 2053 192 2094; x_wconf 88' lang='lat' dir='ltr'><strong>et</strong></span> <span class='ocrx_word' id='word_1_132' title='bbox 204 2059 283 2106; x_wconf 79' lang='lat' dir='ltr'><strong>gener</strong></span> <span class='ocrx_word' id='word_1_133' title='bbox 296 2042 538 2093; x_wconf 84' lang='lat' dir='ltr'><strong>auxiliumPriamo</strong></span> <span class='ocrx_word' id='word_1_134' title='bbox 552 2042 747 2104; x_wconf 83' lang='lat' dir='ltr'><strong>Phrygibusque</strong></span> <span class='ocrx_word' id='word_1_135' title='bbox 761 2042 868 2103; x_wconf 88' lang='lat' dir='ltr'><strong>serebat,</strong></span> 
     </span>
    </p>

    <p class='ocr_par' dir='ltr' id='par_1_9' title="bbox 97 2130 790 2376">
     <span class='ocr_line' id='line_1_22' title="bbox 97 2130 790 2196; baseline -0.007 -13"><span class='ocrx_word' id='word_1_136' title='bbox 97 2141 146 2183; x_wconf 82' lang='grc'><strong>345</strong></span> <span class='ocrx_word' id='word_1_137' title='bbox 167 2134 266 2191; x_wconf 81' lang='lat' dir='ltr'><strong>infelix,</strong></span> <span class='ocrx_word' id='word_1_138' title='bbox 283 2133 327 2196; x_wconf 92' lang='lat' dir='ltr'><strong>qui</strong></span> <span class='ocrx_word' id='word_1_139' title='bbox 341 2147 392 2180; x_wconf 87' lang='lat' dir='ltr'><strong>non</strong></span> <span class='ocrx_word' id='word_1_140' title='bbox 407 2146 518 2194; x_wconf 88' lang='lat' dir='ltr'><strong>sponsae</strong></span> <span class='ocrx_word' id='word_1_141' title='bbox 532 2138 670 2196; x_wconf 85' lang='lat' dir='ltr'><strong>praecepta</strong></span> <span class='ocrx_word' id='word_1_142' title='bbox 682 2130 790 2178; x_wconf 82' lang='lat' dir='ltr'><strong>furentis</strong></span> 
     </span>
     <span class='ocr_line' id='line_1_23' title="bbox 167 2224 285 2271; baseline -0.008 0"><span class='ocrx_word' id='word_1_143' title='bbox 167 2224 285 2271; x_wconf 87' lang='lat' dir='ltr'><strong>audierit.</strong></span> 
     </span>
     <span class='ocr_line' id='line_1_24' title="bbox 167 2308 765 2376; baseline -0.012 -15"><span class='ocrx_word' id='word_1_144' title='bbox 167 2328 231 2376; x_wconf 87' lang='lat' dir='ltr'><strong>quos</strong></span> <span class='ocrx_word' id='word_1_145' title='bbox 244 2312 287 2360; x_wconf 92' lang='lat' dir='ltr'><strong>ubi</strong></span> <span class='ocrx_word' id='word_1_146' title='bbox 302 2309 431 2360; x_wconf 80' lang='lat' dir='ltr'><strong>consertos</strong></span> <span class='ocrx_word' id='word_1_147' title='bbox 445 2309 538 2358; x_wconf 85' lang='lat' dir='ltr'><strong>audere</strong></span> <span class='ocrx_word' id='word_1_148' title='bbox 551 2310 578 2356; x_wconf 90' lang='lat' dir='ltr'><strong>in</strong></span> <span class='ocrx_word' id='word_1_149' title='bbox 591 2308 691 2372; x_wconf 85' lang='lat' dir='ltr'><strong>proelia</strong></span> <span class='ocrx_word' id='word_1_150' title='bbox 703 2308 765 2367; x_wconf 88' lang='lat' dir='ltr'><strong>vidi,</strong></span> 
     </span>
    </p>
   </div>
   <div class='ocr_carea' id='block_1_3' title="bbox 96 2388 803 2730">
    <p class='ocr_par' dir='ltr' id='par_1_10' title="bbox 166 2388 803 2464">
     <span class='ocr_line' id='line_1_25' title="bbox 166 2388 803 2464; baseline -0.008 -15"><span class='ocrx_word' id='word_1_151' title='bbox 166 2402 263 2464; x_wconf 83' lang='lat' dir='ltr'><strong>incipio</strong></span> <span class='ocrx_word' id='word_1_152' title='bbox 277 2415 353 2463; x_wconf 89' lang='lat' dir='ltr'><strong>saper</strong></span> <span class='ocrx_word' id='word_1_153' title='bbox 365 2399 405 2446; x_wconf 90' lang='lat' dir='ltr'><strong>his</strong></span> <span class='ocrx_word' id='word_1_154' title='bbox 416 2388 540 2457; x_wconf 86' lang='lat' dir='ltr'><strong>‘iuvenes‚</strong></span> <span class='ocrx_word' id='word_1_155' title='bbox 555 2397 695 2446; x_wconf 87' lang='lat' dir='ltr'><strong>fortissima</strong></span> <span class='ocrx_word' id='word_1_156' title='bbox 709 2396 803 2444; x_wconf 83' lang='lat' dir='ltr'><strong>frustra</strong></span> 
     </span>
    </p>

    <p class='ocr_par' dir='ltr' id='par_1_11' title="bbox 96 2486 791 2642">
     <span class='ocr_line' id='line_1_26' title="bbox 167 2486 791 2555; baseline -0.011 -15"><span class='ocrx_word' id='word_1_157' title='bbox 167 2502 280 2555; x_wconf 83' lang='lat' dir='ltr'><strong>pectora,</strong></span> <span class='ocrx_word' id='word_1_158' title='bbox 296 2490 316 2538; x_wconf 90' lang='lat' dir='ltr'><strong>si</strong></span> <span class='ocrx_word' id='word_1_159' title='bbox 331 2487 403 2536; x_wconf 89' lang='lat' dir='ltr'><strong>vobis</strong></span> <span class='ocrx_word' id='word_1_160' title='bbox 418 2489 554 2537; x_wconf 82' lang='lat' dir='ltr'><strong>audentem</strong></span> <span class='ocrx_word' id='word_1_161' title='bbox 568 2494 682 2535; x_wconf 85' lang='lat' dir='ltr'><strong>extrema</strong></span> <span class='ocrx_word' id='word_1_162' title='bbox 695 2486 791 2548; x_wconf 86' lang='lat' dir='ltr'><strong>cupido</strong></span> 
     </span>
     <span class='ocr_line' id='line_1_27' title="bbox 96 2575 777 2642; baseline -0.009 -14"><span class='ocrx_word' id='word_1_163' title='bbox 96 2586 145 2628; x_wconf 88' lang='grc'><strong>350</strong></span> <span class='ocrx_word' id='word_1_164' title='bbox 166 2583 235 2629; x_wconf 79' lang='lat' dir='ltr'><strong>certa</strong></span> <span class='ocrx_word' id='word_1_165' title='bbox 249 2580 330 2642; x_wconf 86' lang='lat' dir='ltr'><strong>sequi,</strong></span> <span class='ocrx_word' id='word_1_166' title='bbox 347 2593 412 2642; x_wconf 89' lang='lat' dir='ltr'><strong>quae</strong></span> <span class='ocrx_word' id='word_1_167' title='bbox 426 2578 459 2625; x_wconf 92' lang='lat' dir='ltr'><strong>sit</strong></span> <span class='ocrx_word' id='word_1_168' title='bbox 472 2576 546 2625; x_wconf 89' lang='lat' dir='ltr'><strong>rebus</strong></span> <span class='ocrx_word' id='word_1_169' title='bbox 560 2577 663 2624; x_wconf 82' lang='lat' dir='ltr'><strong>fortuna</strong></span> <span class='ocrx_word' id='word_1_170' title='bbox 676 2575 777 2623; x_wconf 88' lang='lat' dir='ltr'><strong>videtis.</strong></span> 
     </span>
    </p>

    <p class='ocr_par' dir='ltr' id='par_1_12' title="bbox 162 2648 799 2730">
     <span class='ocr_line' id='line_1_28' title="bbox 162 2648 799 2730; baseline -0.013 -12"><span class='ocrx_word' id='word_1_171' title='bbox 162 2683 296 2718; x_wconf 76' lang='lat' dir='ltr'><strong>excessere</strong></span> <span class='ocrx_word' id='word_1_172' title='bbox 310 2682 400 2717; x_wconf 86' lang='lat' dir='ltr'><strong>omnes</strong></span> <span class='ocrx_word' id='word_1_173' title='bbox 415 2666 497 2730; x_wconf 81' lang='lat' dir='ltr'><strong>adytis</strong></span> <span class='ocrx_word' id='word_1_174' title='bbox 512 2667 614 2728; x_wconf 85' lang='lat' dir='ltr'><strong>arisque</strong></span> <span class='ocrx_word' id='word_1_175' title='bbox 627 2664 724 2713; x_wconf 85' lang='lat' dir='ltr'><strong>relictis</strong></span> <span class='ocrx_word' id='word_1_176' title='bbox 797 2648 799 2653; x_wconf 51' lang='grc'>’</span> 
     </span>
    </p>
   </div>
   <div class='ocr_carea' id='block_1_4' title="bbox 0 0 912 2956">
    <p class='ocr_par' dir='ltr' id='par_1_13' title="bbox 0 0 912 2956">
     <span class='ocr_line' id='line_1_29' title="bbox 0 0 912 2956; baseline 0 0"><span class='ocrx_word' id='word_1_177' title='bbox 0 0 912 2956; x_wconf 95' lang='lat' dir='ltr'><strong> </strong></span> 
     </span>
    </p>
   </div>
  </div>
 </body>
</html>
