1816 2956
53 197 135 260 192
313 208 338 245 r.
356 207 477 245 vunnim
498 207 629 246 aaaoms

179 363 259 411 Terra
271 365 362 426 procul
376 365 452 411 vastis
466 364 559 412 colitur
572 363 698 412 Mavortia
712 366 820 427 campis,

141 452 254 500 Thraces
268 460 351 511 arant,
368 452 420 501 acri
434 453 567 515 quondam
579 460 687 514 regnata
700 453 830 516 Lycurgo,

91 546 121 588 15
142 541 282 604 hospitium
296 541 409 590 anticum
422 541 516 589 Troiae
529 542 645 604 sociique
658 549 773 604 penates,

142 629 203 677 dum
216 629 319 678 fortuna
332 629 388 678 suit.
415 630 484 678 feror
496 630 547 678 huc
560 637 586 678 et
597 630 673 678 litore
686 645 763 679 curvo

141 719 245 766 moenia
257 718 341 780 prima
353 719 420 778 loco,
436 719 494 768 fatis
507 719 638 780 ingressus
651 719 757 781 iniquis,

140 807 329 869 Aeneadasque
342 822 400 855 meo
414 822 508 855 nomen
523 808 553 856 de
568 808 672 855 nomine
686 807 766 869 fingo.

177 893 257 943 Sacra
268 895 403 944 Dionaeae
416 897 490 944 matri
505 896 620 958 divisque
634 896 748 944 ferebam

84 989 121 1031 20
141 984 289 1046 auspicibus
302 994 452 1047 coeptorum
466 999 572 1047 operum
585 1000 730 1048 superoque
746 986 872 1036 nitentem

141 1073 295 1121 caelicolum
307 1074 361 1135 regi
375 1073 520 1121 mactabam
534 1074 560 1120 in
575 1075 649 1122 litore
662 1082 773 1122 taurum.

143 1162 207 1210 sorte
220 1161 268 1209 suit
280 1162 353 1210 iuxta
365 1162 489 1219 tumulus,
506 1177 557 1224 quo
572 1177 667 1210 cornea
679 1178 780 1212 summo

139 1251 250 1313 virgulta
263 1257 289 1299 et
301 1251 385 1300 densis
399 1250 534 1300 hastilibus
549 1251 654 1299 horrida
667 1259 774 1314 myrtus.

141 1340 245 1397 accessi,
261 1340 420 1402 viridemque
432 1338 465 1386 ab
478 1339 557 1387 humo
571 1341 717 1389 convellere
727 1341 823 1389 'silvam

82 1433 120 1475 ·25
141 1435 257 1487 conatus,
273 1429 350 1476 ramis
363 1435 476 1489 tegerem
489 1435 517 1475 ut
529 1428 708 1477 frondentibus
721 1445 788 1488 aras,

139 1517 297 1565 horrendum
310 1524 334 1565 et
347 1517 417 1564 dictu
430 1517 504 1564 video
518 1517 635 1566 mirabile
648 1526 801 1566 monstrum.

141 1620 201 1653 narn
215 1620 281 1668 quae
293 1606 377 1668 prima
390 1606 445 1653 solo
460 1607 540 1668 ruptis
553 1606 683 1654 radicibus
697 1607 773 1655 arbos

140 1694 250 1753 vellitur,
266 1694 326 1742 huic
340 1701 396 1742 atro
409 1695 520 1742 licuntur
533 1695 659 1756 sanguine
672 1702 761 1757 guttae

140 1790 165 1830 et
176 1789 271 1830 terram
284 1784 344 1831 tabo
357 1784 497 1832 maurilant.
525 1783 587 1830 mihi
601 1783 709 1844 frigidus
723 1784 816 1832 horror

76 1876 114 1918 *30
134 1871 249 1920 membra
262 1873 345 1934 quatit
356 1873 510 1935 gelidusque
528 1873 580 1920 coit
596 1871 734 1921 formidine
751 1874 866 1935 sanguis.

139 1975 226 2007 rursus
239 1967 264 2008 et
277 1961 381 2010 alterius
395 1962 493 2010 lentum
508 1963 652 2010 convellere
664 1962 750 2009 vimen

138 2050 261 2112 insequor
274 2058 299 2097 et
312 2065 403 2098 causas
416 2051 518 2113 penitus
531 2058 656 2113 temptare
670 2051 788 2098 latentis:

139 2145 194 2186 ater
207 2146 232 2187 et
244 2138 348 2187 alterius
361 2141 477 2202 sequitur
491 2140 521 2188 de
535 2140 630 2188 cortice
643 2139 758 2201 sanguis.

138 2229 220 2275 multa
233 2243 337 2276 movens
351 2229 438 2276 animo
457 2229 582 2291 nymphas
600 2227 742 2276 venerabar
759 2231 868 2290 agrestis

81 2322 118 2364 ³5
139 2316 330 2379 Gradivumque
342 2324 457 2380 patrem,
479 2316 576 2366 Geticis
590 2319 633 2380 qui
647 2317 778 2380 praesidet
790 2319 865 2376 arvis,

138 2407 184 2454 rite
198 2407 369 2454 secundarent
380 2406 448 2454 visus
462 2421 590 2469 omenque
603 2407 725 2455 levarent.

138 2495 213 2543 tertia
226 2494 270 2542 sed
283 2501 420 2557 postquam
435 2496 532 2543 maiore
545 2496 649 2543 hastilia
662 2495 720 2542 nisu

137 2583 275 2646 adgredior
286 2584 447 2647 genibusque
461 2584 582 2632 adversae
596 2584 715 2632 obluctor
727 2584 841 2634 harenae

127 2672 262 2736 (eloquar,
278 2688 312 2722 an
326 2673 459 2739 sileam),
475 2673 585 2736 gemitus
597 2672 769 2723 lacrimabilis
779 2675 833 2722 imo
