1816 2956
328 199 446 239 ECLOGA
464 199 506 239 111.

90 361 145 423 ipse
159 360 254 416 locum,
269 357 355 405 aeriae
369 371 420 419 quo
434 370 586 417 congessere
598 354 742 418 palumbes.

45 455 70 498 lo
89 465 119 497 ar.
142 446 218 507 Quod
231 446 313 508 potui,
330 459 410 508 puero
424 444 532 493 silvestri
546 459 578 492 ex
591 444 684 492 arbore
697 444 764 493 loeta

91 551 169 585 aurea
182 537 251 584 mala
265 536 353 583 decem
366 533 441 592 misi3
462 545 518 580 oras
532 534 613 581 altera
626 533 736 581 mittam.

126 641 153 672 1).
176 623 198 672 0
213 624 331 686 quotiens
345 629 370 670 ot
382 635 448 684 quae
462 621 535 668 nohis
550 619 659 668 Galatea
671 621 797 669 loeutastl

90 721 189 777 partem
203 713 326 775 aliquam,
342 711 418 769 renti,
435 711 520 757 divom
533 709 648 757 reseratis
661 710 693 757 ad
708 710 785 757 auris.

90 818 119 850 rr.
141 801 209 861 Quid
222 801 327 864 prodest
338 800 406 862 quod
421 813 461 846 rne
474 798 528 860 ipse
542 798 629 846 animo
641 812 694 845 non
707 799 815 860 spernis,

392 890 513 949 Amynta,

45 984 70 1027 r5
91 979 122 1037 si,
138 979 199 1025 dum
212 985 239 1025 tu
252 977 356 1026 sectaris
371 991 455 1039 apros,
472 990 519 1036 ego
533 976 599 1023 retia
611 975 702 1024 servo?

128 1082 155 1113 n.
176 1066 297 1128 Phyllida
308 1066 379 1113 mitte
391 1065 467 1112 mihi:
483 1079 555 1112 meus
567 1071 605 1112 est
616 1065 719 1122 natalis,
734 1064 816 1124 Iolla;

92 1170 150 1204 eum
164 1155 257 1202 lheiam
270 1154 350 1201 vitula
363 1169 409 1216 pro
423 1153 548 1214 frugibus,
565 1153 619 1214 ipse
632 1153 726 1200 venito.

91 1259 120 1291 rr.
142 1243 264 1304 Phyllida
283 1257 342 1290 arno
362 1249 421 1289 ante
439 1242 519 1288 allas:
548 1256 609 1288 uam
628 1256 668 1288 me
688 1241 818 1290 discedere

392 1331 468 1388 flevit,

91 1428 117 1469 et
129 1421 237 1481 longum
246 1409 378 1477 ‘formosa
393 1420 458 1477 vale,
474 1411 538 1466 vale'
551 1419 643 1481 inquit,
656 1409 754 1466 ‘iolla'

45 1516 71 1559 30
129 1525 154 1557 υ.
176 1509 260 1556 Triste
267 1508 464 1570 lupusstahulis,
475 1508 581 1555 maturis
589 1507 704 1568 frugibus
713 1506 816 1566 imbros,

91 1596 226 1645 arboribus
239 1597 316 1655 venti,
331 1596 406 1644 nobis
419 1597 586 1658 Amaryllidis
599 1596 661 1644 irae.

91 1702 121 1733 rr.
142 1686 225 1749 Drrloe
238 1686 299 1732 satis
313 1700 395 1742 umor,
412 1685 525 1748 depulsis
539 1685 644 1732 arbutus
658 1685 757 1744 haedis,

93 1775 164 1822 lenta
177 1775 243 1821 salix
256 1773 307 1821 feto
321 1773 416 1835 pecori,
432 1774 494 1821 mihi
509 1774 579 1821 solus
594 1775 728 1836 Amyntas.

127 1879 154 1910 o.
176 1863 250 1911 Polio
271 1870 341 1910 aurat
359 1869 488 1921 nostram,
516 1863 631 1924 quamvis
656 1871 695 1910 est
713 1862 817 1921 rustica,

393 1965 509 1998 musam:

45 2046 72 2088 35
94 2040 217 2098 Pierides,
232 2039 338 2086 vitulam
351 2040 441 2086 lectori
454 2039 552 2102 pascite
565 2047 657 2087 vestro⁴

92 2143 120 2175 rr.
142 2128 217 2176 Polio
225 2129 312 2190 etipse
319 2127 586 2176 facitnovaearmina:
601 2129 700 2190 pascite
707 2136 817 2189 taurum,

92 2217 144 2264 iam
158 2231 239 2264 cornu
252 2224 323 2278 petat
336 2217 481 2278 etpedibus
495 2217 539 2279 qai
553 2224 658 2278 spargat
673 2217 804 2266 harenam.

128 2321 155 2351 1).
178 2304 229 2364 Qui
242 2311 280 2363 te,
300 2305 388 2364 Polio,
411 2314 493 2365 amat,
515 2305 664 2368 veniatque
678 2314 702 2354 te
716 2323 819 2370 quoque

393 2395 502 2455 gaudet3

92 2482 172 2529 mella
184 2481 265 2528 fluant
276 2482 324 2540 illi,
341 2482 404 2530 serat
418 2489 443 2531 et
455 2482 535 2531 rubus
549 2497 624 2549 asper
639 2499 789 2533 amomum.

45 2576 72 2615 η)
86 2586 115 2614 u.
139 2568 362 2623 err‘Barr'orrrnon
376 2575 443 2637 odit,
459 2585 591 2628 arnettua
600 2577 739 2636 earmina
748 2569 861 2627 maesia

69 2658 147 2709 atque
158 2652 227 2701 idem
240 2657 339 2722 iungat
354 2667 451 2733 volpes
465 2680 495 2721 et
510 2674 647 2739 mulgeat
660 2671 802 2734 hirllm'l·
