1816 2956
66 163 124 211 148
302 173 327 212 Ρ.
345 174 466 212 reuerti
487 174 617 213 Mauoxrs

131 330 282 394 suppliciter
294 331 377 379 tristes
392 339 415 378 et
429 338 518 379 tunsae
532 340 637 394 pectora
650 333 760 394 palmis3

132 421 190 468 diva
202 420 259 467 solo
273 418 338 467 fixos
352 421 441 468 oeulos
456 435 544 469 ai'ersa
557 421 668 468 tenebat.

131 516 168 558 ter
181 509 278 556 circum
290 509 385 556 Iliacos
398 515 544 571 raptaverat
556 509 669 557 Hectora
681 525 769 559 muros

131 600 331 661 exanimumque
345 613 408 646 auro
422 613 515 660 eorpus
529 598 655 645 vendebat
668 599 796 648 Achilles.

61 694 111 736 485
132 695 186 736 tum
198 703 257 736 vero
271 689 402 750 ingentem
415 687 539 748 gemitum
553 689 597 734 dat
610 695 712 749 pectore
727 688 758 736 ab
772 689 831 736 imo⁴

131 785 159 825 ut
171 779 264 840 spolia,
280 784 308 824 ut
321 792 418 835 currus,
434 784 514 838 utque
527 777 611 838 ipsum
625 791 717 838 eorpus
732 777 809 825 amici

131 867 329 928 tendentemque
343 880 434 913 manus
446 865 577 912 Priamum
591 867 727 927 conspexit
739 866 831 914 inermt

130 971 158 1004 se
169 970 273 1018 quoque
281 955 439 1018 principibus
449 955 604 1016 permixtum
612 954 735 1014 adgnovit
742 955 831 1002 Achivi

131 1059 242 1107 eousque
256 1045 324 1093 aeies
338 1050 363 1092 et
375 1044 442 1105 nigri
455 1043 600 1091 Memnonis
617 1058 696 1090 arma.

61 1139 111 1182 490
130 1135 200 1182 duait
212 1133 405 1181 Amazonidum
418 1132 633 1193 lunatis‘agmina
648 1132 723 1194 peltis

131 1222 295 1271 Penthesilea
307 1222 394 1270 furens
408 1222 551 1283 mediisque
565 1222 591 1268 in
605 1220 708 1268 milibus
723 1222 805 1279 ardet,

132 1311 210 1360 aurea
223 1312 376 1359 subnectens
390 1319 492 1358 exertae
505 1311 611 1371 cingula
623 1325 760 1369 mammae,

131 1401 261 1459 bellatrix,
278 1401 405 1462 audetque
419 1399 477 1446 viris
492 1413 642 1446 concurrere
656 1399 738 1460 virgo.

167 1489 238 1538 Haeo
252 1490 312 1536 dnm
325 1489 459 1536 Dardanio
472 1488 578 1535 Aeneae
596 1488 714 1534 miranda
731 1489 831 1536 vidente

61 1584 110 1627 495
132 1580 193 1627 dum
206 1585 291 1641 stupet
304 1586 446 1640 optutnqne
460 1577 547 1624 haeret
561 1577 659 1624 defixus
673 1577 699 1622 in
713 1592 776 1636 uno,

131 1668 221 1730 regina
234 1668 265 1715 ad
281 1667 414 1728 templum,
431 1667 513 1713 forma
526 1666 700 1728 pulcherrirna
712 1666 793 1723 Dido,

130 1757 244 1814 incessit,
260 1770 356 1816 magna
368 1756 488 1802 iuvenum
502 1756 614 1816 stipante
628 1763 739 1802 caterva.

132 1847 216 1908 qualis
230 1846 256 1892 in
269 1845 381 1892 Eurotae
395 1845 456 1906 ripis
471 1853 514 1891 aut
528 1860 573 1906 per
586 1845 647 1904 iuga
661 1842 756 1904 Cynthi

132 1943 233 1982 exercet
246 1935 333 1982 Diana
347 1934 448 1988 elroros,
465 1949 541 1994 (piam
555 1933 626 1980 mille
640 1941 743 1979 secutae

62 2029 112 2072 500
132 2024 192 2072 hine
206 2033 283 2085 atque
295 2023 357 2070 hine
369 2023 546 2083 glomemntnr
564 2022 685 2079 oreades3
706 2022 753 2068 illa
772 2023 831 2085 plan

433 2120 499 2158 tram

131 2201 180 2249 lert
193 2215 281 2248 nmero
295 2200 467 2262 gradiensque
481 2201 540 2247 deas
555 2201 728 2263 supereminet
741 2203 828 2248 omnis

131 2289 248 2337 Latonae
261 2289 367 2337 tacitum
380 2297 552 2351 pertemptant
564 2290 660 2350 gaudia
674 2297 777 2351 peetus:

132 2379 190 2427 talis
205 2386 259 2426 erat
271 2378 350 2436 Dido,
367 2379 445 2425 talem
459 2394 485 2426 so
499 2379 567 2426 laeta
580 2379 677 2426 serebat
727 2416 730 2424 .

132 2482 178 2530 per
190 2468 298 2526 medios,
314 2467 412 2514 instans
427 2468 497 2530 operi
511 2469 648 2529 regnisque
662 2468 763 2516 futuris.

63 2562 111 2604 505
133 2562 186 2603 tum
200 2556 297 2604 foribus
311 2557 393 2615 divae,
408 2558 494 2604 media
507 2557 634 2604 testudine
648 2558 745 2619 templi,

132 2652 221 2708 saepta
234 2646 312 2694 armis
325 2646 442 2708 solioque
456 2647 506 2694 alte
520 2645 630 2693 subnixa
644 2647 747 2693 resedit.
