1816 2956
337 193 459 237 necoda
474 195 537 236 vm.
796 185 832 234 81

147 355 232 404 ducite
252 353 284 402 ab
304 352 368 402 urbe
388 353 508 412 domum,
529 368 588 401 mea
601 353 730 412 carmina,
752 353 837 402 ducite

412 441 554 504 Daphnim.

109 539 185 581 terna
198 531 243 578 tibi
256 531 322 578 haec
335 531 446 593 primum
459 530 553 593 tn'plici
568 531 668 578 diversa
681 532 767 578 colore

110 621 171 669 licia
184 619 324 677 circumdo,
341 626 429 682 terque
442 619 506 667 haec
520 619 612 667 altaria
625 619 721 667 circum

57 714 90 758 75
111 708 223 769 effigiem
236 707 319 766 duco;
340 722 448 756 numero
461 708 523 756 deus
536 708 627 771 inpare
639 709 743 770 gaudet.

147 796 232 843 ducite
251 794 283 842 ab
302 794 366 843 urbe
385 796 505 854 domum,
526 810 584 844 mea
602 796 731 855 carmina,
754 796 839 845 ducite

197 945 200 949 ἵ
412 884 554 947 Daphnim.

111 979 185 1021 necte
198 972 278 1020 tribus
290 972 366 1020 nodis
379 979 473 1031 ternos,
489 973 625 1035 Amarylli‚
642 975 750 1032 colores,

111 1067 200 1120 necte,
222 1059 365 1124 amarylli,
387 1062 465 1109 modo
486 1068 511 1109 et
524 1052 651 1109 ‘Veneris’
670 1062 711 1110 dic
724 1051 839 1109 ‘vincula

413 1141 508 1197 necto.³

148 1237 234 1286 ducite
253 1237 285 1284 ab
306 1237 368 1286 urbe
388 1237 508 1295 domum,
530 1252 588 1286 mea
601 1237 731 1296 carmina,
754 1238 839 1285 ducite

412 1325 553 1387 Daphnim.

57 1421 92 1464 80
113 1415 189 1462 limus
203 1422 231 1461 ut
243 1415 285 1462 hic
298 1414 410 1462 durescit
423 1420 448 1462 et
460 1414 524 1462 haec
537 1420 566 1461 ut
578 1429 637 1462 cera
650 1414 769 1476 liquescit

112 1517 165 1549 uno
179 1503 320 1565 eodemque
333 1503 397 1564 igni,
413 1503 449 1550 sic
462 1509 550 1550 nostro
563 1503 682 1565 Daphnis
696 1517 792 1550 amore.

112 1604 206 1653 sparge
218 1591 315 1638 molam
329 1597 354 1638 et
366 1590 465 1652 fragilis
478 1590 586 1639 incende
603 1590 727 1638 bitumine
740 1592 836 1638 laums.

112 1678 232 1742 Daphnis
250 1693 292 1726 me
310 1680 394 1726 maius
413 1679 478 1737 urit,
500 1693 548 1740 ego
569 1678 635 1726 hanc
655 1679 681 1726 in
699 1678 839 1741 Daphnide

413 1767 523 1815 laurum.

148 1855 234 1904 ducite
252 1855 284 1903 ub
303 1855 366 1904 urbe
385 1857 504 1914 domum,
525 1870 583 1903 mea
602 1855 731 1914 carmina,
754 1855 839 1903 ducite

412 1944 554 2006 Daphnim.

58 2037 98 2096 85,
113 2031 172 2080 talis
185 2047 258 2079 amor
269 2032 403 2095 Daphnim
417 2032 500 2094 qualis
514 2047 572 2080 cum
585 2032 652 2080 sessa
665 2033 800 2080 iuvencum

112 2134 158 2182 per
170 2134 276 2168 nemora
289 2128 366 2182 atquc
379 2122 445 2168 altos
459 2122 605 2182 quaerendo
619 2120 713 2169 bucula
726 2122 797 2169 lucos

112 2216 217 2271 propter
230 2222 313 2271 aquae
325 2209 407 2256 rivom
420 2208 493 2255 viridi
507 2209 652 2269 procumbit
665 2210 691 2256 in
705 2211 772 2269 ulva,

112 2297 221 2358 perdita,
237 2310 285 2345 nec
298 2311 369 2344 serae
381 2297 499 2345 meminit
511 2297 634 2346 decedere
648 2299 725 2357 nocti,

112 2385 171 2432 talis
186 2399 258 2432 amor
271 2392 364 2444 teneat,
379 2401 427 2433 nec
440 2386 473 2432 sit
485 2386 548 2432 mihi
563 2401 623 2433 cura
636 2386 742 2434 mederi.

58 2479 92 2521 90
149 2473 235 2521 ducite
253 2472 284 2520 ab
304 2473 366 2521 urbe
386 2474 506 2534 domum,
529 2488 587 2522 mea
604 2475 739 2536 earmina,
760 2473 851 2522 ducite

405 2563 556 2630 Daphnim.

91 2641 140 2684 11³⁸
152 2642 213 2687 0l1'm
227 2647 335 2698 exuvias
345 2653 416 2706 mihi
426 2662 558 2723 perfidus
573 2664 624 2716 ilie
639 2663 772 2730 ratque,
