1816 2956
302 167 450 208 aaunruos
467 168 555 208 mana
568 165 600 207 x.
785 159 846 208 4-15

125 324 215 372 transit
228 331 253 372 et
266 340 382 387 parmam
395 340 493 384 mucre,
509 325 576 373 levia
589 341 660 374 arma
673 325 791 387 minaeis,

126 420 150 460 et
162 413 284 473 tunicam,
300 414 373 462 molli
387 422 469 463 mater
483 430 562 477 quani
575 421 678 463 neverat
691 430 763 474 auro,

125 501 282 565 inplevitque
296 503 380 550 sinum
394 503 516 566 sanguis;
537 510 591 550 tum
604 503 655 550 vita
669 519 714 566 per
727 519 803 553 auras

56 596 106 639 820
126 592 254 640 concessit
265 599 363 640 maesta
377 592 409 640 ad
422 593 505 641 manis
520 606 664 655 corpusque
678 593 790 656 reliquit.

126 688 152 729 at
165 696 223 729 vero
236 688 265 728 ut
279 682 376 729 voltum
389 681 452 729 vidit
464 681 597 730 morientis
611 687 636 730 et
648 697 702 741 ora,

126 785 172 818 ora
184 771 268 818 modis
281 770 453 818 Anchisiades
466 771 591 834 pallentia
603 770 682 830 miris,

126 859 251 919 ingemuit
264 859 388 908 miserans
401 860 512 921 graviter
525 860 693 922 dextramque
706 858 814 908 tetendit

127 954 151 994 et
164 956 274 995 mentem
288 948 387 1011 patriae
399 948 502 996 strinxit
513 948 614 1011 pietatis
628 949 723 1010 imago.

57 1040 106 1082 825
124 1026 196 1097 ‘quid
211 1037 257 1084 tibi
270 1053 347 1097 nurse,
364 1036 508 1085 miserande
519 1051 590 1099 puer,
603 1052 649 1099 pro
661 1036 780 1085 laudibus
788 1035 852 1096 istis,

128 1125 188 1186 quid
203 1126 260 1186 pius
273 1126 375 1174 Aeneas
390 1132 461 1174 tanta
474 1125 545 1173 dabit
557 1126 646 1174 indole
659 1125 784 1188 dignum?

127 1229 207 1272 arma,
223 1214 315 1276 quibus
329 1215 448 1272 laetatus,
467 1214 535 1262 habe
548 1221 606 1273 tua,
630 1221 706 1277 teque
719 1221 855 1278 parentum
888 1203 889 1206 Ἴ

127 1303 245 1350 manibus
259 1310 284 1351 et
297 1303 385 1361 cineri,
401 1303 476 1365 siqua
489 1310 527 1352 est
540 1318 571 1352 ea
584 1319 654 1362 cura,
669 1303 779 1352 remitto.

128 1391 178 1439 hoc
191 1399 277 1440 tamen
291 1391 382 1440 infelix
394 1392 515 1440 miseram
528 1393 645 1441 solabere
658 1397 782 1440 mortem:

58 1484 109 1527 830
128 1482 233 1529 Aeneae
245 1481 333 1543 magni
348 1481 440 1530 dextra
453 1474 544 1530 cadis’
569 1481 686 1544 increpat
698 1481 766 1528 ultro

129 1571 273 1619 cunctantis
287 1570 371 1619 socios
385 1577 410 1619 et
423 1577 489 1619 terra
502 1570 618 1620 sublevat
629 1571 723 1633 ipsum,

129 1659 254 1720 sanguine
268 1668 413 1724 turpantem
427 1667 542 1723 comptos
556 1661 588 1708 de
601 1672 672 1708 more
686 1657 803 1721 capillos.

164 1748 265 1796 Interea
277 1749 380 1809 genitor
392 1748 507 1796 Tiberini
521 1749 554 1797 ad
567 1747 679 1796 fluminis
693 1747 789 1795 undam

129 1836 234 1885 volnera
247 1836 361 1884 siccabat
374 1836 484 1900 lymphis
498 1852 642 1900 corpusque
656 1835 757 1886 levabat
772 1833 774 1840 ’

59 1929 109 1971 835
130 1924 228 1972 arboris
242 1925 351 1973 adclinis
365 1932 465 1973 trunco.
493 1927 584 1988 procul
597 1941 672 1974 aerea
684 1925 763 1973 ramis

130 2013 257 2076 dependet
269 2014 346 2075 galea
358 2020 383 2062 et
395 2020 468 2076 prato
481 2015 570 2076 gravia
583 2029 655 2063 arma
668 2014 812 2078 quiescunt.

129 2108 198 2148 stant
210 2101 270 2150 lecti
284 2102 380 2151 circum
392 2102 512 2151 iuvenes:
533 2103 588 2166 ipse
601 2118 686 2166 aeger,
702 2103 836 2162 anhelans,

130 2191 199 2238 colla
211 2190 287 2250 fovet,
303 2191 374 2239 fusus
386 2205 528 2254 propexam
541 2192 568 2239 in
581 2199 685 2255 pectore
698 2191 821 2252 barbam3

130 2280 212 2327 multa
224 2295 301 2343 super
313 2279 400 2329 Lauso
414 2280 509 2342 rogitat
520 2281 681 2343 multumque
694 2280 801 2329 remittit

60 2372 110 2416 840
131 2368 174 2431 qui
188 2376 308 2417 revocent
320 2369 463 2431 maestique
476 2368 560 2417 ferant
572 2370 695 2418 mandata
707 2370 828 2433 parentis.

131 2466 157 2505 at
168 2456 283 2506 Lausum
296 2457 359 2505 socii
373 2457 520 2506 exanimem
532 2472 610 2520 super
622 2473 695 2506 arma
706 2456 822 2506 ferebant

130 2547 227 2605 flentes,
243 2547 374 2610 ingentem
387 2553 465 2609 atque
477 2546 576 2608 ingenti
589 2547 697 2595 volnere
706 2546 812 2594 uictam

10 2653 115 2905 r
130 2636 253 2697 adgnovit
261 2637 341 2700 longe
351 2636 482 2700 gemitum
494 2653 633 2704 praesaga
643 2634 717 2685 mali
725 2643 820 2680 mens.
