1816 2956
78 207 141 256 294
318 217 344 255 ι’.
362 215 482 255 venerut
503 215 633 255 uunours

147 373 264 437 luppiter
274 381 301 421 et
310 373 388 421 rebus
401 386 455 420 nox
468 371 573 420 abstulit
586 380 641 420 atra
654 374 777 422 colorem.

148 462 302 514 vestibulum
320 469 379 510 ante
392 462 476 525 ipsum
486 461 629 524 ,primisque
642 461 668 508 in
684 462 800 510 lancibus
816 461 878 512 Orci

148 551 245 600 Luctus
257 558 285 600 et
296 550 400 599 ultrices
413 565 522 613 posuere
535 549 631 599 cubilia
645 548 729 599 Curae

78 643 129 688 275
148 639 328 702 pallentesque
342 638 459 686 habitant
470 638 555 687 Morbi
569 639 698 702 tristisque
708 638 837 688 Senectus

150 735 175 778 et
186 728 270 778 Metus
284 734 310 776 at
321 728 473 776 malesuada
484 727 575 775 Fames
589 743 619 776 ac
632 728 713 790 turpis
725 727 844 788 Egestae,

149 816 274 866 terribiles
287 816 343 864 visu
355 816 463 873 formae,
477 816 622 880 Letumque
634 816 789 878 Labosque;

149 913 203 953 tum
217 905 424 968 consanguineus
437 904 495 954 Leti
507 904 593 967 Sopor
606 911 632 953 et
643 906 713 954 mala
726 906 820 954 mentis
879 937 881 942 -

150 993 253 1043 Gaudia
264 994 476 1056 mortiferumque
489 994 595 1042 adverso
609 994 636 1041 in
649 994 738 1041 limine
752 994 857 1042 Bellum

78 1087 130 1131 280
150 1083 277 1146 ferreique
299 1082 472 1131 Eumenidum
496 1083 603 1130 thalami
627 1090 652 1130 et
674 1082 815 1130 Discordia
839 1083 881 1131 de‘·

452 1185 533 1229 mens,
687 1231 688 1234 Ἴ

149 1261 280 1324 vipereum
293 1260 390 1315 crinem
402 1259 469 1306 vittis
482 1258 579 1306 innexa
591 1259 711 1306 cruentis.

184 1350 215 1398 Iu
228 1349 313 1398 medio
325 1363 411 1396 ramos
425 1361 575 1409 annosaque
589 1347 710 1396 bracchia
721 1348 816 1410 pandit

149 1438 234 1486 ulmus
248 1453 338 1501 opaca,
354 1438 454 1500 ingens,
471 1451 549 1499 quam
562 1436 649 1485 sedem
662 1434 771 1484 Somnia
784 1437 865 1498 volgo

148 1542 215 1575 vana
227 1535 314 1577 tenere
326 1527 411 1575 larunt
423 1525 545 1587 foliisque
558 1525 604 1572 sub
623 1524 742 1572 omnibus
761 1524 882 1574 haerent.

78 1621 129 1664 285
149 1617 282 1679 multaque
295 1622 427 1678 praeterea
439 1614 567 1662 variarum
581 1621 696 1661 monstra
709 1613 833 1670 ferarum,

151 1704 273 1754 Centauri
291 1704 319 1752 in
336 1704 433 1751 foribus
445 1702 578 1750 stabulant
591 1702 744 1765 Scyllaeque
757 1701 887 1754 biformes

150 1803 175 1844 et
188 1793 411 1855 centumgeminus
423 1792 544 1839 Briareus
558 1807 588 1839 ac
602 1791 678 1839 belua
689 1790 802 1847 Lernae,

150 1882 308 1931 horrendum
319 1882 438 1938 stridens,
452 1881 612 1942 flammisque
623 1888 722 1927 armata
730 1877 884 1939 Chimaera,

151 1970 287 2034 Gorgones
307 1971 488 2034 Harpyiaeque
508 1975 533 2017 et
552 1968 634 2015 forma
653 1967 805 2029 tricorporis
830 1986 887 2019 um·

452 2058 521 2106 brae.

80 2155 131 2198 290
151 2150 258 2213 corripit
270 2149 313 2197 hie
325 2148 411 2196 subita
423 2147 537 2210 trepidus
551 2145 688 2193 formidine
701 2143 800 2192 ferrum

150 2240 253 2287 Aeneas
267 2238 433 2299 strictamque
446 2237 529 2284 aciem
542 2233 701 2282 venientibus
715 2232 792 2280 offert

151 2335 185 2386 et,
200 2328 227 2375 ni
241 2328 318 2374 docta
331 2340 416 2374 comes
429 2325 513 2373 tenuis
526 2324 581 2371 sine
595 2335 702 2384 corpore
715 2321 781 2368 vitas

152 2416 291 2464 admoneat
304 2415 410 2463 volitare
424 2428 486 2462 cava
499 2411 545 2460 sub
559 2411 671 2472 imagine
684 2410 793 2464 formae,

151 2505 238 2553 inruat
251 2511 276 2553 et
288 2503 383 2551 frustra
395 2503 462 2551 ferro
477 2500 618 2549 diverberet
630 2498 742 2546 umbras.

72 2598 127 2641 295
183 2593 255 2643 Hinc
273 2592 314 2640 viu
326 2592 443 2641 Tartarei
463 2605 530 2653 quae
549 2590 598 2638 fert
610 2587 766 2636 Acherontis
786 2589 821 2635 ad
843 2606 890 2638 un.

461 2681 517 2731 das.
