1816 2956
283 197 432 237 Aruernos
454 198 541 237 LIBER
558 199 617 237 111.'
782 192 839 239 193

57 361 92 404 40
113 355 216 403 auditur
228 356 328 402 tumulo
342 362 366 402 et
379 369 429 401 vox
441 355 542 403 reddita
554 354 634 403 fertur
647 357 678 403 ad
693 371 776 404 aures.

108 434 182 506 ‘quid
195 443 326 501 miserum,
342 444 440 502 Aenea,
457 444 570 491 laceras?
583 444 635 492 iam
644 459 721 507 parce
728 446 839 508 sepulto,

112 545 189 595 parce
201 532 258 594 pias
271 533 397 580 scelerare
410 545 510 580 manus.
539 546 592 580 non
606 547 647 581 me
660 533 706 580 tibi
720 533 800 582 Troia

112 627 245 668 externum
259 621 318 668 tulit
330 628 375 668 aut
387 635 463 669 cruor
475 621 518 668 hic
532 621 563 669 de
576 621 662 684 stipite
675 630 772 670 manat.

112 709 163 757 heu
175 708 236 770 fuge
249 709 366 758 crudeles
379 716 467 768 terras,
483 709 543 771 fuge
556 710 616 758 litus
630 725 743 758 avarum.

56 803 91 846 45
112 811 172 845 nam
184 797 328 860 Polydorus
341 812 404 860 ego:
426 798 468 846 hia
482 798 708 847 confixum-ferrea
720 799 784 848 texit

111 887 222 934 telorum
234 900 308 947 seges
321 894 346 934 et
358 887 448 935 iaculis
461 887 569 935 increvit
582 879 682 936 acutis.’

110 981 166 1022 tum
178 988 238 1022 vero
251 975 356 1037 ancipiti
370 983 483 1024 mentem
495 976 632 1024 formidine
645 990 747 1038 pressus

112 1062 223 1126 opstipui
244 1069 419 1126 steteruntque
437 1079 527 1114 comae
545 1072 570 1113 et
586 1079 637 1111 vox
650 1064 766 1113 faucibus
779 1065 840 1113 hae·

413 1152 454 1201 sit.
646 1143 647 1146 Ἴ

147 1239 223 1288 Hunc
241 1239 400 1302 Polydorum
419 1241 474 1288 auri
494 1241 626 1303 quondam
645 1255 703 1289 cum
727 1242 840 1305 pondere

412 1343 506 1391 magno

58 1423 91 1467 50
110 1416 202 1466 infelix
215 1417 333 1464 Priamus
346 1417 434 1465 furtim
447 1418 582 1465 mandarat
595 1419 717 1466 alendum

110 1505 232 1554 Threicio
245 1506 309 1567 regi,
326 1521 384 1554 cum
397 1507 449 1553 iam
463 1506 590 1554 diffideret
603 1506 680 1554 armis

109 1594 259 1642 Dardaniae
273 1594 393 1657 cingique
407 1594 496 1642 urbem
510 1594 645 1642 obsidione
658 1595 763 1643 videret.

109 1683 170 1741 ille,
190 1689 218 1730 ut
235 1697 297 1745 opes
310 1684 406 1732 fractae
419 1684 548 1732 Teucrum
561 1691 586 1731 et
598 1683 712 1742 Fortuna
725 1684 836 1743 recessit,

110 1785 149 1820 res
162 1770 383 1832 Agamemnonias
396 1773 562 1835 victriciaque
576 1787 648 1819 arma
660 1779 770 1830 secutus,

57 1865 90 1909 55
110 1860 149 1908 fas
162 1874 239 1908 omne
252 1860 396 1922 abrumpit3
417 1860 575 1922 Polydorum
589 1860 726 1907 obtruncat
737 1866 763 1907 et
775 1874 838 1907 auro

109 1949 134 1996 vl
147 1949 252 2012 potitur.
281 1949 342 2011 quid
356 1964 409 1996 non
422 1949 542 1997 mortalia
552 1939 660 2011 ¹pectora
673 1948 753 2009 cogis,

109 2037 165 2086 auri
180 2051 254 2085 sacra
266 2037 362 2085 fames!
384 2044 522 2100 postquam
534 2052 614 2100 pavor
626 2052 685 2085 ossa
698 2035 811 2098 reliquit,

110 2127 224 2174 delectos
237 2126 326 2188 populi
341 2125 373 2172 ad
386 2141 505 2188 proceres
524 2126 686 2189 primumque
705 2131 838 2187 parentem

108 2220 225 2262 monstra
238 2216 314 2262 deum
327 2214 409 2262 resero
423 2222 448 2262 et
461 2230 528 2277 quae
541 2215 574 2263 sit
585 2214 712 2263 sententia
724 2227 813 2276 posco.

56 2309 89 2352 60
109 2302 228 2351 omnibns
241 2303 310 2350 idem
324 2303 433 2361 animus,
449 2305 575 2352 scelerata
587 2303 711 2351 excedere
723 2309 799 2359 terra,

108 2391 192 2454 linqui
204 2392 334 2454 pollutum
345 2392 486 2453 hospitium
493 2392 586 2440 etdare
594 2390 718 2439 classibus
726 2397 834 2437 austros.

109 2495 171 2542 ergo
185 2480 357 2528 instauremus
371 2480 501 2541 Polydoro
514 2480 608 2527 funus:
630 2486 655 2527 et
666 2479 758 2540 ingens

108 2569 240 2630 aggeritur
253 2571 352 2616 tumulo
366 2569 457 2628 tellus3
478 2576 547 2616 stant
559 2567 677 2615 munibus
690 2581 759 2626 arae,

109 2657 234 2706 caeruleis
247 2664 361 2706 maestae
373 2657 440 2705 vittis
455 2665 565 2722 atraque
578 2669 718 2719 cuqresso,

90 2740 208 2794 Vergilius.
655 2738 700 2785 id
