1816 2956
111 184 173 230 454
350 193 376 232 Ρ.
393 191 514 231 VERGILI
535 191 665 230 MARONIS

179 349 248 397 vixet
261 349 301 397 cui
315 349 394 396 vitam
406 350 468 396 deus
483 355 526 395 aut
539 363 586 396 sua
599 348 688 395 dextra
702 348 823 395 dedisset.

181 452 249 484 nunc
262 438 296 485 ite
309 444 334 485 et
346 437 444 485 miseris
459 437 595 499 supponite
609 436 705 483 civibus
719 428 826 497 ignem'

113 531 161 574 120
181 527 281 574 dixerat
293 527 404 574 Aeneas.
431 526 471 574 illi
485 525 632 587 obstipuere
644 525 749 573 silentes

181 615 348 676 conversique
362 614 451 662 oculos
464 614 531 660 inter
543 628 570 661 se
584 621 661 675 atqua
675 628 720 661 ora
734 613 865 662 tenebant.

181 709 235 750 tum
249 703 334 751 senior
347 717 498 764 semperque
512 702 577 749 odiis
591 709 616 750 et
629 701 735 749 crimine
748 701 865 751 Drances

181 791 295 839 infensus
307 791 392 838 iuveni
406 790 495 837 Turno
508 790 545 838 sic
559 805 603 838 ore
616 790 727 838 vicissim

181 894 240 927 orsa
253 880 337 927 refert.
362 869 389 926 ‘o
403 879 472 927 fama
484 879 585 940 ingens,
601 879 731 939 ingentior
744 880 822 927 armis

114 972 161 1015 125
181 967 219 1015 vir
231 968 352 1025 Troiane,
369 967 461 1029 quibus
475 968 547 1015 caelo
561 973 585 1015 te
597 967 718 1015 laudibus
732 968 860 1029 aequem?

181 1056 327 1104 iustitiaene
340 1057 410 1119 prius
424 1057 500 1104 mirer
513 1055 608 1103 belline
622 1055 758 1102 laborum?

181 1159 229 1192 nos
242 1159 301 1192 vcro
315 1145 379 1192 haec
392 1144 501 1207 panium
514 1144 580 1204 grati
595 1143 733 1191 referemus
747 1145 779 1191 ad
794 1144 886 1194 urbem

182 1240 207 1281 et
219 1241 252 1291 te,
268 1232 342 1294 siqua
355 1233 422 1280 viam
436 1232 535 1280 dederit
547 1231 658 1289 fortuna,
673 1231 768 1280 Latino

182 1321 318 1381 iungemus
332 1321 394 1382 regi.
424 1328 530 1383 quaerat
543 1320 591 1367 sibi
605 1319 710 1368 foedera
723 1320 837 1368 Turnus.

113 1415 163 1458 130
183 1410 245 1472 quin
259 1417 284 1457 et
296 1408 381 1457 fatalis
395 1424 528 1456 murorum
541 1410 659 1457 attollere
672 1409 753 1456 moles

182 1512 296 1560 saxaque
310 1497 460 1545 subvectare
473 1498 567 1545 umeris
580 1497 695 1544 Troiana
707 1490 824 1544 iurabit.³

183 1587 283 1636 dixerat
296 1587 368 1644 haec,
384 1600 489 1646 unoque
502 1600 591 1633 omnes
604 1586 693 1632 eadem
705 1585 902 1634 orefremebant

183 1675 222 1722 bis
236 1690 311 1723 senos
324 1674 446 1738 pepigere
460 1674 513 1721 dies
527 1681 551 1721 et
564 1688 627 1735 pace
641 1682 772 1734 sequestra

182 1779 227 1826 per
239 1764 315 1812 silvas
329 1764 421 1811 Teucri
435 1763 560 1824 mixtique
573 1761 669 1823 inpune
682 1761 768 1809 Latini

114 1858 162 1900 135
184 1867 298 1901 erravere
311 1853 388 1912 iugis.
416 1851 483 1898 ferro
497 1859 572 1898 sonat
585 1851 638 1898 alta
650 1850 754 1912 bipenni

184 1941 308 1997 fraxinus,
325 1947 441 1988 evertunt
453 1947 523 1988 aetas
537 1939 569 1987 ad
584 1939 668 1986 sidera
682 1939 765 1999 pinos,

183 2029 277 2076 robora
290 2044 338 2077 nee
351 2029 438 2076 cuneis
452 2036 476 2076 et
489 2028 601 2075 olentem
614 2027 730 2074 scindere
744 2028 853 2074 cedrum

184 2132 231 2165 nec
245 2117 364 2179 plaustris
379 2125 480 2164 cessant
492 2125 592 2164 vectare
605 2115 766 2175 gementibus
781 2130 871 2162 ornos.

174 2239 179 2246 -
220 2207 252 2253 Et
265 2207 316 2254 iarn
329 2206 410 2253 Fama
422 2206 521 2262 volans,
537 2204 600 2250 tanti
615 2203 767 2265 praenuntia
782 2204 879 2262 lucum,

116 2301 164 2343 140
184 2295 334 2342 Euamlrum
348 2294 514 2355 Euandrique
528 2293 618 2340 domos
633 2299 657 2338 et
669 2291 772 2338 moenia
787 2293 881 2353 replet,

186 2400 252 2446 quae
265 2384 343 2431 modo
356 2383 478 2429 victorem
492 2381 567 2428 Latio
581 2380 700 2428 Pallanta
714 2378 822 2427 ferebat.

183 2473 300 2524 Arcades
314 2472 346 2519 ad
361 2478 447 2535 portas
461 2484 543 2525 ruere,
560 2476 584 2516 et
598 2469 629 2516 de
642 2482 712 2514 more
726 2477 827 2515 vetusto

176 2567 304 2618 funereas
317 2578 431 2630 rapuere
444 2560 514 2608 laces
523 2574 533 2616 ς
547 2557 619 2604 lueet
629 2555 758 2611 balonga

168 2663 273 2715 ordine
290 2662 472 2714 flammarum
484 2661 510 2701 et
520 2649 578 2696 late
590 2639 751 2690 dasoundam
761 2652 849 2693 agrae,

49 2722 133 2768 h
