<?xml version="1.0" encoding="UTF-8"?>
<!DOCTYPE html PUBLIC "-//W3C//DTD XHTML 1.0 Transitional//EN"
    "http://www.w3.org/TR/xhtml1/DTD/xhtml1-transitional.dtd">
<html xmlns="http://www.w3.org/1999/xhtml" xml:lang="en" lang="en">
 <head>
  <title>
</title>
<meta http-equiv="Content-Type" content="text/html;charset=utf-8" />
  <meta name='ocr-system' content='tesseract 3.04.00' />
  <meta name='ocr-capabilities' content='ocr_page ocr_carea ocr_par ocr_line ocrx_word'/>
</head>
<body>
  <div class='ocr_page' id='page_1' title='image "./pvergiliusmaro01virggoog/pvergiliusmaro01virggoog_0216.png"; bbox 0 0 1816 2956; ppageno 0'>
   <div class='ocr_carea' id='block_1_1' title="bbox 275 172 829 220">
    <p class='ocr_par' dir='ltr' id='par_1_1' title="bbox 275 172 829 220">
     <span class='ocr_line' id='line_1_1' title="bbox 275 172 829 220; baseline 0.004 -2"><span class='ocrx_word' id='word_1_1' title='bbox 275 179 424 219; x_wconf 77' lang='lat' dir='ltr'>nausioos</span> <span class='ocrx_word' id='word_1_2' title='bbox 445 181 531 219; x_wconf 80' lang='lat' dir='ltr'>mnan</span> <span class='ocrx_word' id='word_1_3' title='bbox 548 182 590 219; x_wconf 86' lang='lat'><em>111.</em></span> <span class='ocrx_word' id='word_1_4' title='bbox 770 172 829 220; x_wconf 79' lang='lat'>209</span> 
     </span>
    </p>
   </div>
   <div class='ocr_carea' id='block_1_2' title="bbox 103 338 832 578">
    <p class='ocr_par' dir='ltr' id='par_1_2' title="bbox 103 338 832 578">
     <span class='ocr_line' id='line_1_2' title="bbox 104 338 786 400; baseline -0.003 -14"><span class='ocrx_word' id='word_1_5' title='bbox 104 338 162 400; x_wconf 83' lang='lat' dir='ltr'>ipsa</span> <span class='ocrx_word' id='word_1_6' title='bbox 175 344 252 384; x_wconf 84' lang='lat' dir='ltr'>canat</span> <span class='ocrx_word' id='word_1_7' title='bbox 263 352 404 399; x_wconf 86' lang='lat' dir='ltr'>vocemque</span> <span class='ocrx_word' id='word_1_8' title='bbox 417 338 505 384; x_wconf 91' lang='lat' dir='ltr'>volens</span> <span class='ocrx_word' id='word_1_9' title='bbox 519 345 596 399; x_wconf 88' lang='lat' dir='ltr'>atque</span> <span class='ocrx_word' id='word_1_10' title='bbox 609 352 655 384; x_wconf 88' lang='lat' dir='ltr'>ora</span> <span class='ocrx_word' id='word_1_11' title='bbox 668 338 786 385; x_wconf 85' lang='lat' dir='ltr'>resolvat.</span> 
     </span>
     <span class='ocr_line' id='line_1_3' title="bbox 103 425 692 489; baseline -0.002 -15"><span class='ocrx_word' id='word_1_12' title='bbox 103 427 153 474; x_wconf 88' lang='lat' dir='ltr'>illa</span> <span class='ocrx_word' id='word_1_13' title='bbox 165 426 211 474; x_wconf 90' lang='lat' dir='ltr'>tibi</span> <span class='ocrx_word' id='word_1_14' title='bbox 223 425 314 475; x_wconf 83' lang='lat' dir='ltr'>Italiae</span> <span class='ocrx_word' id='word_1_15' title='bbox 328 427 438 489; x_wconf 89' lang='lat' dir='ltr'>populos</span> <span class='ocrx_word' id='word_1_16' title='bbox 451 433 609 488; x_wconf 87' lang='lat' dir='ltr'>venturaque</span> <span class='ocrx_word' id='word_1_17' title='bbox 622 425 692 474; x_wconf 88' lang='lat' dir='ltr'>bella</span> 
     </span>
     <span class='ocr_line' id='line_1_4' title="bbox 105 513 832 578; baseline -0.003 -14"><span class='ocrx_word' id='word_1_18' title='bbox 105 523 131 564; x_wconf 89' lang='lat' dir='ltr'>et</span> <span class='ocrx_word' id='word_1_19' title='bbox 143 530 195 578; x_wconf 91' lang='lat' dir='ltr'>quo</span> <span class='ocrx_word' id='word_1_20' title='bbox 207 529 335 577; x_wconf 83' lang='lat' dir='ltr'>quemque</span> <span class='ocrx_word' id='word_1_21' title='bbox 347 514 424 561; x_wconf 93' lang='lat' dir='ltr'>modo</span> <span class='ocrx_word' id='word_1_22' title='bbox 437 513 573 577; x_wconf 81' lang='lat' dir='ltr'>fugiasque</span> <span class='ocrx_word' id='word_1_23' title='bbox 584 514 703 576; x_wconf 83' lang='lat' dir='ltr'>ferasque</span> <span class='ocrx_word' id='word_1_24' title='bbox 716 514 832 562; x_wconf 86' lang='lat' dir='ltr'>laborem</span> 
     </span>
    </p>
   </div>
   <div class='ocr_carea' id='block_1_3' title="bbox 47 603 823 2614">
    <p class='ocr_par' dir='ltr' id='par_1_3' title="bbox 47 603 823 2614">
     <span class='ocr_line' id='line_1_5' title="bbox 47 603 740 666; baseline -0.003 -14"><span class='ocrx_word' id='word_1_25' title='bbox 47 609 85 652; x_wconf 55' lang='lat'>&gt;60</span> <span class='ocrx_word' id='word_1_26' title='bbox 104 604 224 666; x_wconf 81' lang='lat' dir='ltr'>expediet</span> <span class='ocrx_word' id='word_1_27' title='bbox 236 617 375 665; x_wconf 87' lang='lat' dir='ltr'>cursusque</span> <span class='ocrx_word' id='word_1_28' title='bbox 389 603 460 650; x_wconf 86' lang='lat' dir='ltr'>dabit</span> <span class='ocrx_word' id='word_1_29' title='bbox 472 609 592 651; x_wconf 86' lang='lat' dir='ltr'>venerata</span> <span class='ocrx_word' id='word_1_30' title='bbox 605 603 740 651; x_wconf 86' lang='lat' dir='ltr'>secundos.</span> 
     </span>
     <span class='ocr_line' id='line_1_6' title="bbox 104 691 747 754; baseline -0.002 -14"><span class='ocrx_word' id='word_1_31' title='bbox 104 692 169 740; x_wconf 86' lang='lat' dir='ltr'>baec</span> <span class='ocrx_word' id='word_1_32' title='bbox 182 700 243 740; x_wconf 90' lang='lat' dir='ltr'>sunt</span> <span class='ocrx_word' id='word_1_33' title='bbox 255 704 324 754; x_wconf 88' lang='lat' dir='ltr'>quae</span> <span class='ocrx_word' id='word_1_34' title='bbox 335 699 424 739; x_wconf 84' lang='lat' dir='ltr'>nostra</span> <span class='ocrx_word' id='word_1_35' title='bbox 437 691 514 739; x_wconf 87' lang='lat' dir='ltr'>liceat</span> <span class='ocrx_word' id='word_1_36' title='bbox 526 699 550 739; x_wconf 91' lang='lat' dir='ltr'>te</span> <span class='ocrx_word' id='word_1_37' title='bbox 564 706 625 739; x_wconf 88' lang='lat' dir='ltr'>voce</span> <span class='ocrx_word' id='word_1_38' title='bbox 639 692 747 740; x_wconf 88' lang='lat' dir='ltr'>moneri.</span> 
     </span>
     <span class='ocr_line' id='line_1_7' title="bbox 104 773 813 842; baseline 0.001 -14"><span class='ocrx_word' id='word_1_39' title='bbox 104 781 168 829; x_wconf 84' lang='lat' dir='ltr'>vade</span> <span class='ocrx_word' id='word_1_40' title='bbox 176 796 224 842; x_wconf 89' lang='lat' dir='ltr'>age</span> <span class='ocrx_word' id='word_1_41' title='bbox 232 788 257 828; x_wconf 89' lang='lat' dir='ltr'>et</span> <span class='ocrx_word' id='word_1_42' title='bbox 264 781 396 842; x_wconf 90' lang='lat' dir='ltr'>ingentem</span> <span class='ocrx_word' id='word_1_43' title='bbox 403 779 478 828; x_wconf 83' lang='lat' dir='ltr'>factis</span> <span class='ocrx_word' id='word_1_44' title='bbox 490 779 528 828; x_wconf 88' lang='lat' dir='ltr'>fer</span> <span class='ocrx_word' id='word_1_45' title='bbox 536 780 567 828; x_wconf 92' lang='lat' dir='ltr'>ad</span> <span class='ocrx_word' id='word_1_46' title='bbox 576 780 681 828; x_wconf 88' lang='lat' dir='ltr'>aethera</span> <span class='ocrx_word' id='word_1_47' title='bbox 689 773 813 829; x_wconf 87' lang='lat' dir='ltr'>Troiam&#39;</span> 
     </span>
     <span class='ocr_line' id='line_1_8' title="bbox 140 867 788 932; baseline 0.002 -16"><span class='ocrx_word' id='word_1_48' title='bbox 140 867 214 928; x_wconf 84' lang='lat' dir='ltr'>Quae</span> <span class='ocrx_word' id='word_1_49' title='bbox 226 876 364 932; x_wconf 88' lang='lat' dir='ltr'>postquam</span> <span class='ocrx_word' id='word_1_50' title='bbox 377 875 446 916; x_wconf 89' lang='lat' dir='ltr'>vates</span> <span class='ocrx_word' id='word_1_51' title='bbox 459 869 496 916; x_wconf 89' lang='lat' dir='ltr'>sic</span> <span class='ocrx_word' id='word_1_52' title='bbox 509 883 553 916; x_wconf 90' lang='lat' dir='ltr'>ore</span> <span class='ocrx_word' id='word_1_53' title='bbox 567 868 657 916; x_wconf 84' lang='lat' dir='ltr'>effatus</span> <span class='ocrx_word' id='word_1_54' title='bbox 672 869 788 925; x_wconf 84' lang='lat' dir='ltr'>amicost,</span> 
     </span>
     <span class='ocr_line' id='line_1_9' title="bbox 105 957 748 1019; baseline 0 -14"><span class='ocrx_word' id='word_1_55' title='bbox 105 958 175 1005; x_wconf 84' lang='lat' dir='ltr'>dona</span> <span class='ocrx_word' id='word_1_56' title='bbox 187 957 280 1006; x_wconf 89' lang='lat' dir='ltr'>dehinc</span> <span class='ocrx_word' id='word_1_57' title='bbox 294 972 357 1005; x_wconf 88' lang='lat' dir='ltr'>auro</span> <span class='ocrx_word' id='word_1_58' title='bbox 371 957 461 1018; x_wconf 86' lang='lat' dir='ltr'>gravia</span> <span class='ocrx_word' id='word_1_59' title='bbox 473 965 595 1019; x_wconf 87' lang='lat' dir='ltr'>sectoque</span> <span class='ocrx_word' id='word_1_60' title='bbox 608 957 748 1019; x_wconf 88' lang='lat' dir='ltr'>elephanto</span> 
     </span>
     <span class='ocr_line' id='line_1_10' title="bbox 51 1045 666 1109; baseline 0 -15"><span class='ocrx_word' id='word_1_61' title='bbox 51 1049 84 1094; x_wconf 81' lang='grc'>65</span> <span class='ocrx_word' id='word_1_62' title='bbox 104 1045 214 1108; x_wconf 86' lang='lat' dir='ltr'>imperat</span> <span class='ocrx_word' id='word_1_63' title='bbox 226 1046 258 1093; x_wconf 90' lang='lat' dir='ltr'>ad</span> <span class='ocrx_word' id='word_1_64' title='bbox 272 1047 344 1094; x_wconf 87' lang='lat' dir='ltr'>navis</span> <span class='ocrx_word' id='word_1_65' title='bbox 357 1045 417 1092; x_wconf 85' lang='lat' dir='ltr'>ferri</span> <span class='ocrx_word' id='word_1_66' title='bbox 430 1045 559 1109; x_wconf 77' lang='lat' dir='ltr'>stipatque</span> <span class='ocrx_word' id='word_1_67' title='bbox 573 1046 666 1094; x_wconf 89' lang='lat' dir='ltr'>carinis</span> 
     </span>
     <span class='ocr_line' id='line_1_11' title="bbox 103 1134 686 1197; baseline 0.002 -16"><span class='ocrx_word' id='word_1_68' title='bbox 103 1134 194 1195; x_wconf 87' lang='lat' dir='ltr'>ingens</span> <span class='ocrx_word' id='word_1_69' title='bbox 208 1142 343 1195; x_wconf 87' lang='lat' dir='ltr'>argentum</span> <span class='ocrx_word' id='word_1_70' title='bbox 355 1134 567 1197; x_wconf 75' lang='lat' dir='ltr'>Dodonaeosque</span> <span class='ocrx_word' id='word_1_71' title='bbox 580 1134 686 1192; x_wconf 86' lang='lat' dir='ltr'>lebetas,</span> 
     </span>
     <span class='ocr_line' id='line_1_12' title="bbox 104 1222 719 1284; baseline -0.002 -14"><span class='ocrx_word' id='word_1_72' title='bbox 104 1223 212 1271; x_wconf 88' lang='lat' dir='ltr'>loricam</span> <span class='ocrx_word' id='word_1_73' title='bbox 225 1230 371 1271; x_wconf 86' lang='lat' dir='ltr'>consertam</span> <span class='ocrx_word' id='word_1_74' title='bbox 385 1222 467 1272; x_wconf 87' lang='lat' dir='ltr'>hamis</span> <span class='ocrx_word' id='word_1_75' title='bbox 482 1237 596 1284; x_wconf 88' lang='lat' dir='ltr'>auroque</span> <span class='ocrx_word' id='word_1_76' title='bbox 609 1223 719 1271; x_wconf 87' lang='lat' dir='ltr'>trilicem</span> 
     </span>
     <span class='ocr_line' id='line_1_13' title="bbox 104 1310 763 1373; baseline 0 -14"><span class='ocrx_word' id='word_1_77' title='bbox 104 1319 128 1359; x_wconf 89' lang='lat' dir='ltr'>et</span> <span class='ocrx_word' id='word_1_78' title='bbox 142 1326 236 1360; x_wconf 85' lang='lat' dir='ltr'>conum</span> <span class='ocrx_word' id='word_1_79' title='bbox 248 1310 356 1372; x_wconf 91' lang='lat' dir='ltr'>insignis</span> <span class='ocrx_word' id='word_1_80' title='bbox 369 1312 459 1372; x_wconf 81' lang='lat' dir='ltr'>galeae</span> <span class='ocrx_word' id='word_1_81' title='bbox 473 1312 614 1373; x_wconf 84' lang='lat' dir='ltr'>cristasque</span> <span class='ocrx_word' id='word_1_82' title='bbox 628 1312 763 1369; x_wconf 78' lang='lat' dir='ltr'>comantis,</span> 
     </span>
     <span class='ocr_line' id='line_1_14' title="bbox 104 1399 747 1462; baseline -0.003 -14"><span class='ocrx_word' id='word_1_83' title='bbox 104 1414 176 1448; x_wconf 87' lang='lat' dir='ltr'>arma</span> <span class='ocrx_word' id='word_1_84' title='bbox 188 1399 360 1462; x_wconf 84' lang='lat' dir='ltr'>Neoptolemi.</span> <span class='ocrx_word' id='word_1_85' title='bbox 387 1408 447 1447; x_wconf 89' lang='lat' dir='ltr'>sunt</span> <span class='ocrx_word' id='word_1_86' title='bbox 460 1407 485 1448; x_wconf 93' lang='lat' dir='ltr'>et</span> <span class='ocrx_word' id='word_1_87' title='bbox 497 1415 543 1448; x_wconf 88' lang='lat' dir='ltr'>sua</span> <span class='ocrx_word' id='word_1_88' title='bbox 556 1400 625 1448; x_wconf 90' lang='lat' dir='ltr'>dona</span> <span class='ocrx_word' id='word_1_89' title='bbox 638 1400 747 1462; x_wconf 85' lang='lat' dir='ltr'>parenti.</span> 
     </span>
     <span class='ocr_line' id='line_1_15' title="bbox 49 1488 511 1550; baseline -0.004 -12"><span class='ocrx_word' id='word_1_90' title='bbox 49 1493 84 1538; x_wconf 87' lang='grc'>70</span> <span class='ocrx_word' id='word_1_91' title='bbox 104 1488 176 1537; x_wconf 87' lang='lat' dir='ltr'>addit</span> <span class='ocrx_word' id='word_1_92' title='bbox 189 1503 268 1550; x_wconf 88' lang='lat' dir='ltr'>equos</span> <span class='ocrx_word' id='word_1_93' title='bbox 282 1488 405 1550; x_wconf 86' lang='lat' dir='ltr'>additque</span> <span class='ocrx_word' id='word_1_94' title='bbox 419 1489 511 1548; x_wconf 81' lang='lat' dir='ltr'>duces3</span> 
     </span>
     <span class='ocr_line' id='line_1_16' title="bbox 102 1577 781 1640; baseline -0.001 -16"><span class='ocrx_word' id='word_1_95' title='bbox 102 1577 238 1639; x_wconf 84' lang='lat' dir='ltr'>remigium</span> <span class='ocrx_word' id='word_1_96' title='bbox 251 1579 370 1640; x_wconf 80' lang='lat' dir='ltr'>supplet3</span> <span class='ocrx_word' id='word_1_97' title='bbox 391 1577 475 1625; x_wconf 88' lang='lat' dir='ltr'>socios</span> <span class='ocrx_word' id='word_1_98' title='bbox 489 1578 565 1625; x_wconf 86' lang='lat' dir='ltr'>simul</span> <span class='ocrx_word' id='word_1_99' title='bbox 578 1578 682 1625; x_wconf 89' lang='lat' dir='ltr'>instruit</span> <span class='ocrx_word' id='word_1_100' title='bbox 696 1578 781 1627; x_wconf 89' lang='lat' dir='ltr'>armis.</span> 
     </span>
     <span class='ocr_line' id='line_1_17' title="bbox 137 1665 659 1728; baseline -0.004 -14"><span class='ocrx_word' id='word_1_101' title='bbox 137 1665 240 1714; x_wconf 88' lang='lat' dir='ltr'>Interea</span> <span class='ocrx_word' id='word_1_102' title='bbox 253 1667 362 1714; x_wconf 79' lang='lat' dir='ltr'>classem</span> <span class='ocrx_word' id='word_1_103' title='bbox 375 1667 438 1713; x_wconf 83' lang='lat' dir='ltr'>velis</span> <span class='ocrx_word' id='word_1_104' title='bbox 453 1673 540 1728; x_wconf 86' lang='lat' dir='ltr'>aptare</span> <span class='ocrx_word' id='word_1_105' title='bbox 553 1666 659 1714; x_wconf 89' lang='lat' dir='ltr'>iubebat</span> 
     </span>
     <span class='ocr_line' id='line_1_18' title="bbox 101 1754 710 1817; baseline -0.003 -14"><span class='ocrx_word' id='word_1_106' title='bbox 101 1754 238 1814; x_wconf 86' lang='lat' dir='ltr'>Anchises,</span> <span class='ocrx_word' id='word_1_107' title='bbox 254 1755 326 1803; x_wconf 88' lang='lat' dir='ltr'>fieret</span> <span class='ocrx_word' id='word_1_108' title='bbox 338 1763 414 1802; x_wconf 88' lang='lat' dir='ltr'>vento</span> <span class='ocrx_word' id='word_1_109' title='bbox 427 1770 500 1803; x_wconf 90' lang='lat' dir='ltr'>mora</span> <span class='ocrx_word' id='word_1_110' title='bbox 513 1770 598 1817; x_wconf 88' lang='lat' dir='ltr'>nequa</span> <span class='ocrx_word' id='word_1_111' title='bbox 611 1754 710 1803; x_wconf 87' lang='lat' dir='ltr'>ferenti.</span> 
     </span>
     <span class='ocr_line' id='line_1_19' title="bbox 102 1843 797 1906; baseline -0.001 -15"><span class='ocrx_word' id='word_1_112' title='bbox 102 1858 179 1906; x_wconf 90' lang='lat' dir='ltr'>quem</span> <span class='ocrx_word' id='word_1_113' title='bbox 191 1843 290 1891; x_wconf 90' lang='lat' dir='ltr'>Phoebi</span> <span class='ocrx_word' id='word_1_114' title='bbox 303 1844 429 1906; x_wconf 88' lang='lat' dir='ltr'>interpres</span> <span class='ocrx_word' id='word_1_115' title='bbox 442 1844 523 1891; x_wconf 89' lang='lat' dir='ltr'>multo</span> <span class='ocrx_word' id='word_1_116' title='bbox 537 1844 677 1906; x_wconf 89' lang='lat' dir='ltr'>compellat</span> <span class='ocrx_word' id='word_1_117' title='bbox 689 1843 797 1892; x_wconf 88' lang='lat' dir='ltr'>honore.</span> 
     </span>
     <span class='ocr_line' id='line_1_20' title="bbox 48 1921 755 1994; baseline 0 -13"><span class='ocrx_word' id='word_1_118' title='bbox 48 1935 80 1981; x_wconf 85' lang='lat'>75</span> <span class='ocrx_word' id='word_1_119' title='bbox 97 1921 241 1994; x_wconf 85' lang='lat' dir='ltr'>‘coniugio‚</span> <span class='ocrx_word' id='word_1_120' title='bbox 256 1932 380 1990; x_wconf 86' lang='lat' dir='ltr'>Anchisa,</span> <span class='ocrx_word' id='word_1_121' title='bbox 396 1930 504 1979; x_wconf 88' lang='lat' dir='ltr'>Veneris</span> <span class='ocrx_word' id='word_1_122' title='bbox 518 1932 622 1993; x_wconf 84' lang='lat' dir='ltr'>dignate</span> <span class='ocrx_word' id='word_1_123' title='bbox 635 1932 755 1994; x_wconf 79' lang='lat' dir='ltr'>superbo,</span> 
     </span>
     <span class='ocr_line' id='line_1_21' title="bbox 102 2020 680 2083; baseline 0.002 -16"><span class='ocrx_word' id='word_1_124' title='bbox 102 2035 164 2068; x_wconf 91' lang='lat' dir='ltr'>cura</span> <span class='ocrx_word' id='word_1_125' title='bbox 177 2020 262 2079; x_wconf 80' lang='lat' dir='ltr'>deum,</span> <span class='ocrx_word' id='word_1_126' title='bbox 278 2021 316 2068; x_wconf 91' lang='lat' dir='ltr'>bis</span> <span class='ocrx_word' id='word_1_127' title='bbox 330 2021 478 2082; x_wconf 81' lang='lat' dir='ltr'>Pergameis</span> <span class='ocrx_word' id='word_1_128' title='bbox 492 2029 578 2083; x_wconf 89' lang='lat' dir='ltr'>erepte</span> <span class='ocrx_word' id='word_1_129' title='bbox 591 2021 680 2080; x_wconf 90' lang='lat' dir='ltr'>ruinis,</span> 
     </span>
     <span class='ocr_line' id='line_1_22' title="bbox 101 2108 743 2172; baseline 0 -16"><span class='ocrx_word' id='word_1_130' title='bbox 101 2122 161 2157; x_wconf 86' lang='lat' dir='ltr'>ecce</span> <span class='ocrx_word' id='word_1_131' title='bbox 174 2108 220 2156; x_wconf 91' lang='lat' dir='ltr'>tibi</span> <span class='ocrx_word' id='word_1_132' title='bbox 233 2109 367 2157; x_wconf 82' lang='lat' dir='ltr'>Ausoniae</span> <span class='ocrx_word' id='word_1_133' title='bbox 380 2110 455 2157; x_wconf 91' lang='lat' dir='ltr'>tellus</span> <span class='ocrx_word' id='word_1_134' title='bbox 466 2126 472 2168; x_wconf 90' lang='lat'>;</span> <span class='ocrx_word' id='word_1_135' title='bbox 493 2109 561 2157; x_wconf 89' lang='lat' dir='ltr'>hanc</span> <span class='ocrx_word' id='word_1_136' title='bbox 574 2110 657 2172; x_wconf 87' lang='lat' dir='ltr'>arripe</span> <span class='ocrx_word' id='word_1_137' title='bbox 671 2110 743 2158; x_wconf 90' lang='lat' dir='ltr'>velis.</span> 
     </span>
     <span class='ocr_line' id='line_1_23' title="bbox 101 2198 771 2261; baseline 0.001 -17"><span class='ocrx_word' id='word_1_138' title='bbox 101 2203 127 2245; x_wconf 92' lang='lat' dir='ltr'>et</span> <span class='ocrx_word' id='word_1_139' title='bbox 139 2203 225 2244; x_wconf 85' lang='lat' dir='ltr'>tamen</span> <span class='ocrx_word' id='word_1_140' title='bbox 237 2199 305 2246; x_wconf 87' lang='lat' dir='ltr'>banc</span> <span class='ocrx_word' id='word_1_141' title='bbox 318 2199 411 2260; x_wconf 89' lang='lat' dir='ltr'>pelago</span> <span class='ocrx_word' id='word_1_142' title='bbox 425 2198 616 2261; x_wconf 86' lang='lat' dir='ltr'>praeterlabare</span> <span class='ocrx_word' id='word_1_143' title='bbox 629 2207 771 2256; x_wconf 88' lang='lat' dir='ltr'>necessest;</span> 
     </span>
     <span class='ocr_line' id='line_1_24' title="bbox 99 2285 784 2349; baseline 0.001 -17"><span class='ocrx_word' id='word_1_144' title='bbox 99 2285 232 2334; x_wconf 89' lang='lat' dir='ltr'>Ausoniae</span> <span class='ocrx_word' id='word_1_145' title='bbox 245 2302 304 2349; x_wconf 85' lang='lat' dir='ltr'>pars</span> <span class='ocrx_word' id='word_1_146' title='bbox 318 2287 365 2335; x_wconf 92' lang='lat' dir='ltr'>illa</span> <span class='ocrx_word' id='word_1_147' title='bbox 378 2287 469 2349; x_wconf 90' lang='lat' dir='ltr'>procul</span> <span class='ocrx_word' id='word_1_148' title='bbox 484 2302 561 2348; x_wconf 92' lang='lat' dir='ltr'>quam</span> <span class='ocrx_word' id='word_1_149' title='bbox 574 2288 665 2349; x_wconf 89' lang='lat' dir='ltr'>pandit</span> <span class='ocrx_word' id='word_1_150' title='bbox 677 2288 784 2349; x_wconf 89' lang='lat' dir='ltr'>Apollo.</span> 
     </span>
     <span class='ocr_line' id='line_1_25' title="bbox 47 2365 702 2438; baseline -0.002 -15"><span class='ocrx_word' id='word_1_151' title='bbox 47 2379 80 2423; x_wconf 83' lang='grc'>80</span> <span class='ocrx_word' id='word_1_152' title='bbox 99 2366 172 2422; x_wconf 84' lang='lat' dir='ltr'>vade³</span> <span class='ocrx_word' id='word_1_153' title='bbox 185 2375 229 2434; x_wconf 85' lang='lat' dir='ltr'>ait,</span> <span class='ocrx_word' id='word_1_154' title='bbox 243 2365 268 2422; x_wconf 78' lang='lat' dir='ltr'>‘o</span> <span class='ocrx_word' id='word_1_155' title='bbox 282 2376 345 2423; x_wconf 87' lang='lat' dir='ltr'>felix</span> <span class='ocrx_word' id='word_1_156' title='bbox 359 2376 412 2423; x_wconf 91' lang='lat' dir='ltr'>nati</span> <span class='ocrx_word' id='word_1_157' title='bbox 426 2376 529 2437; x_wconf 87' lang='lat' dir='ltr'>pietate.</span> <span class='ocrx_word' id='word_1_158' title='bbox 558 2376 619 2438; x_wconf 90' lang='lat' dir='ltr'>quid</span> <span class='ocrx_word' id='word_1_159' title='bbox 633 2378 702 2424; x_wconf 89' lang='lat' dir='ltr'>ultra</span> 
     </span>
     <span class='ocr_line' id='line_1_26' title="bbox 99 2457 767 2525; baseline 0.001 -16"><span class='ocrx_word' id='word_1_160' title='bbox 99 2464 226 2525; x_wconf 90' lang='lat' dir='ltr'>provehor</span> <span class='ocrx_word' id='word_1_161' title='bbox 238 2472 264 2510; x_wconf 88' lang='lat' dir='ltr'>et</span> <span class='ocrx_word' id='word_1_162' title='bbox 275 2464 355 2512; x_wconf 85' lang='lat' dir='ltr'>fando</span> <span class='ocrx_word' id='word_1_163' title='bbox 368 2463 495 2525; x_wconf 81' lang='lat' dir='ltr'>surgentis</span> <span class='ocrx_word' id='word_1_164' title='bbox 509 2464 629 2513; x_wconf 88' lang='lat' dir='ltr'>demoror</span> <span class='ocrx_word' id='word_1_165' title='bbox 642 2471 741 2513; x_wconf 86' lang='lat' dir='ltr'>austros</span> <span class='ocrx_word' id='word_1_166' title='bbox 747 2457 767 2510; x_wconf 88' lang='lat'>?&#39;</span> 
     </span>
     <span class='ocr_line' id='line_1_27' title="bbox 98 2551 823 2614; baseline 0.003 -16"><span class='ocrx_word' id='word_1_167' title='bbox 98 2565 146 2599; x_wconf 88' lang='lat' dir='ltr'>nec</span> <span class='ocrx_word' id='word_1_168' title='bbox 154 2551 238 2598; x_wconf 89' lang='lat' dir='ltr'>minus</span> <span class='ocrx_word' id='word_1_169' title='bbox 246 2552 438 2610; x_wconf 86' lang='lat' dir='ltr'>Andromache,</span> <span class='ocrx_word' id='word_1_170' title='bbox 455 2552 571 2613; x_wconf 88' lang='lat' dir='ltr'>digressu</span> <span class='ocrx_word' id='word_1_171' title='bbox 584 2560 683 2600; x_wconf 86' lang='lat' dir='ltr'>maesta</span> <span class='ocrx_word' id='word_1_172' title='bbox 694 2567 823 2614; x_wconf 86' lang='lat' dir='ltr'>supremo,</span> 
     </span>
    </p>
   </div>
   <div class='ocr_carea' id='block_1_4' title="bbox 81 2639 857 2798">
    <p class='ocr_par' dir='ltr' id='par_1_4' title="bbox 81 2639 857 2798">
     <span class='ocr_line' id='line_1_28' title="bbox 99 2639 624 2702; baseline 0.006 -16"><span class='ocrx_word' id='word_1_173' title='bbox 99 2639 148 2688; x_wconf 81' lang='lat' dir='ltr'>sert</span> <span class='ocrx_word' id='word_1_174' title='bbox 160 2640 301 2702; x_wconf 83' lang='lat' dir='ltr'>picturatas</span> <span class='ocrx_word' id='word_1_175' title='bbox 315 2640 370 2688; x_wconf 84' lang='lat' dir='ltr'>auri</span> <span class='ocrx_word' id='word_1_176' title='bbox 384 2641 528 2690; x_wconf 86' lang='lat' dir='ltr'>subtemine</span> <span class='ocrx_word' id='word_1_177' title='bbox 541 2648 624 2690; x_wconf 82' lang='lat' dir='ltr'>vestes</span> 
     </span>
     <span class='ocr_line' id='line_1_29' title="bbox 81 2708 857 2798; baseline 0.009 -35"><span class='ocrx_word' id='word_1_178' title='bbox 81 2722 198 2776; x_wconf 52' lang='lat' dir='ltr'>veranus,</span> <span class='ocrx_word' id='word_1_179' title='bbox 645 2724 688 2769; x_wconf 65' lang='lat' dir='ltr'>la</span> <span class='ocrx_word' id='word_1_180' title='bbox 825 2708 857 2798; x_wconf 62' lang='grc' dir='ltr'>Ι</span> 
     </span>
    </p>
   </div>
   <div class='ocr_carea' id='block_1_5' title="bbox 0 0 912 2956">
    <p class='ocr_par' dir='ltr' id='par_1_5' title="bbox 0 0 912 2956">
     <span class='ocr_line' id='line_1_30' title="bbox 0 0 912 2956; baseline 0 1"><span class='ocrx_word' id='word_1_181' title='bbox 0 0 912 2956; x_wconf 95' lang='lat' dir='ltr'> </span> 
     </span>
    </p>
   </div>
  </div>
 </body>
</html>
