1816 2956
113 180 171 230 502
337 155 375 228 ΙΡ.
393 186 514 228 venenu
534 184 666 226 nasonis

182 348 276 410 quippe
290 348 374 405 dolor,
390 347 475 394 omnis
488 344 558 393 stetit
569 344 622 391 imo
635 343 739 411 volnere
752 343 864 405 sanguis

181 437 285 498 iamque
298 443 386 484 secute
398 429 516 492 manum,¹
528 433 602 480 nullo
616 439 733 493 cogente,
749 433 851 494 sagitta

182 524 278 572 excidit
291 531 368 586 atque
381 537 462 571 novae
476 521 574 571 rediere
588 522 615 568 in
627 521 738 583 pristina
749 521 830 570 vires.

112 618 162 660 425
179 603 263 661 ‘arma
276 613 318 661 citi
332 617 468 675 properate
481 611 550 657 viro!
572 610 634 671 quid
648 602 752 657 statisl’
779 609 852 674 Iapis

183 702 329 751 conclamat
341 700 490 762 primusque
504 700 603 746 animoa
617 699 736 747 accendit
748 699 778 746 in
792 699 864 748 hoste

156 830 159 836 ,
179 780 243 838 ‘non
255 791 320 838 haec
332 787 452 837 humanis
466 788 567 850 opibus,
583 802 635 834 non
648 794 704 837 erte
716 788 849 849 magistra

180 880 342 943 proveniunt,
357 892 442 939 neque
455 883 488 936 te,
504 876 602 935 Aenea,
618 890 677 924 mea
690 876 805 925 dextera
818 892 864 926 seu

180 969 263 1015 maior
276 967 331 1028 agit
343 967 405 1014 deus
419 975 497 1028 atque
511 979 590 1027 opera
603 964 635 1011 ed
648 965 751 1011 maiora
767 966 864 1014 remitti

110 1062 160 1104 430
180 1057 224 1104 ille
238 1056 328 1102 avidus
341 1069 444 1117 pugnae
457 1068 529 1100 suras
542 1053 683 1100 incluserat
696 1067 763 1100 auro

180 1144 241 1192 hinc
266 1150 343 1206 atque
368 1143 430 1190 hinc
455 1142 561 1203 oditque
586 1156 671 1189 moras
691 1141 859 1206 ‘hastamque

481 1236 576 1278 ruscat.

180 1327 318 1383 postquam
331 1319 425 1367 habilis
439 1319 512 1367 lateri
527 1319 624 1381 clipeus
638 1317 778 1381 loricaque
792 1329 864 1384 terge

180 1409 323 1456 Ascanium
336 1408 399 1455 fusis
413 1408 509 1456 circum
523 1407 695 1470 conplectitur
709 1410 793 1457 armis

181 1512 332 1559 summaque
345 1511 391 1559 per
403 1498 506 1558 galeam
520 1497 638 1545 delibans
652 1497 744 1544 oscula
759 1498 833 1547 fatur

111 1590 161 1632 435
179 1575 269 1643 ‘disce
285 1600 357 1647 puer,
373 1586 491 1634 virtutem
504 1601 536 1634 ex
549 1601 590 1633 me
603 1599 744 1647 verumque
760 1588 864 1636 laboret

181 1674 311 1721 fortunam
325 1689 356 1722 ex
369 1675 436 1722 aliis.
464 1689 532 1722 nunc
547 1682 570 1722 te
583 1689 640 1722 mea
654 1674 766 1723 dextera
780 1676 852 1725 bello

182 1763 315 1810 defensum
329 1763 400 1810 dabit
413 1770 438 1810 et
450 1778 545 1823 magne
558 1763 624 1810 inter
637 1763 756 1824 praemia
772 1765 860 1813 ducet.

183 1859 209 1899 tu
223 1851 310 1909 facito,
327 1867 388 1898 mox
401 1867 459 1899 cum
472 1859 573 1899 matura
586 1851 727 1898 adoleverit
742 1862 830 1913 aetas,

182 1941 216 1987 sis
231 1954 328 1987 memor
342 1947 366 1987 et
379 1947 403 1987 te
417 1941 503 1987 animo
517 1947 674 2002 repetentem
682 1943 862 2003 exemplatuo

113 2034 162 2074 440
183 2036 207 2075 et
220 2036 291 2089 patei·
304 2029 406 2076 Aeneas
420 2036 445 2076 et
458 2030 598 2077 avonculus
612 2028 707 2076 excitet
720 2029 843 2079 Hector.'

218 2115 288 2163 Haec
302 2117 345 2162 ubi
360 2118 428 2164 dicta
441 2118 520 2175 dedit,
541 2118 621 2179 portis
635 2130 690 2164 sese
705 2106 806 2166 extulit
820 2122 864 2181 ing

183 2204 262 2251 telum
273 2205 377 2252 inmane
390 2220 468 2253 manu
479 2206 597 2267 quatiens
608 2221 613 2264 ;
628 2205 705 2251 simul
718 2209 831 2266 agmine
842 2210 864 2255 ‹ll

183 2292 352 2355 Antheusque
363 2294 563 2356 Mnestheusque
577 2302 653 2341 ruent
667 2295 813 2358 omnisque
826 2299 863 2346 rel

183 2380 257 2428 turba
270 2381 325 2427 fluit
339 2383 436 2429 castris.
466 2389 519 2429 tuin
534 2397 610 2430 cneco
624 2382 730 2444 pulvere
745 2400 859 2450 campus

114 2474 162 2516 445
183 2469 303 2516 miscetur
316 2471 444 2531 pulsuque
458 2472 552 2532 pedum
566 2471 651 2518 tremit
664 2473 751 2519 excita
766 2476 856 2524 tellus.

183 2558 246 2604 vidit
259 2557 291 2605 ab
306 2559 412 2606 adverso
427 2560 556 2607 venientes
571 2574 665 2620 aggere
678 2559 799 2622 'I'ni·nus‚

184 2646 269 2694 videre
282 2647 401 2705 Ausonii,
417 2649 570 2710 gelidusque
583 2663 628 2709 per
640 2649 694 2695 ima
708 2655 829 2701 cucurrit
