<?xml version="1.0" encoding="UTF-8"?>
<!DOCTYPE html PUBLIC "-//W3C//DTD XHTML 1.0 Transitional//EN"
    "http://www.w3.org/TR/xhtml1/DTD/xhtml1-transitional.dtd">
<html xmlns="http://www.w3.org/1999/xhtml" xml:lang="en" lang="en">
 <head>
  <title>
</title>
<meta http-equiv="Content-Type" content="text/html;charset=utf-8" />
  <meta name='ocr-system' content='tesseract 3.04.00' />
  <meta name='ocr-capabilities' content='ocr_page ocr_carea ocr_par ocr_line ocrx_word'/>
</head>
<body>
  <div class='ocr_page' id='page_1' title='image "./pvergiliusmaro01virggoog_0531.png"; bbox 0 0 1816 2956; ppageno 0'>
   <div class='ocr_carea' id='block_1_1' title="bbox 67 155 620 212">
    <p class='ocr_par' dir='ltr' id='par_1_1' title="bbox 67 155 620 212">
     <span class='ocr_line' id='line_1_1' title="bbox 67 155 620 212; baseline -0.004 -2"><span class='ocrx_word' id='word_1_1' title='bbox 67 162 126 210; x_wconf 80' lang='lat'>512</span> <span class='ocrx_word' id='word_1_2' title='bbox 304 155 470 212; x_wconf 73' lang='lat' dir='ltr'>n&#39;vnnu1n1</span> <span class='ocrx_word' id='word_1_3' title='bbox 489 167 620 210; x_wconf 70' lang='lat' dir='ltr'>uincam</span> 
     </span>
    </p>
   </div>
   <div class='ocr_carea' id='block_1_2' title="bbox 65 320 871 1456">
    <p class='ocr_par' dir='ltr' id='par_1_2' title="bbox 65 320 871 1456">
     <span class='ocr_line' id='line_1_2' title="bbox 65 320 871 392; baseline 0 -14"><span class='ocrx_word' id='word_1_4' title='bbox 65 334 116 378; x_wconf 85' lang='lat'>680</span> <span class='ocrx_word' id='word_1_5' title='bbox 135 328 255 392; x_wconf 86' lang='lat' dir='ltr'>amplius.</span> <span class='ocrx_word' id='word_1_6' title='bbox 284 328 361 387; x_wconf 86' lang='lat' dir='ltr'>hune,</span> <span class='ocrx_word' id='word_1_7' title='bbox 377 343 433 387; x_wconf 87' lang='lat' dir='ltr'>oro,</span> <span class='ocrx_word' id='word_1_8' title='bbox 448 322 503 376; x_wconf 86' lang='lat' dir='ltr'>sine</span> <span class='ocrx_word' id='word_1_9' title='bbox 515 342 556 376; x_wconf 90' lang='lat' dir='ltr'>me</span> <span class='ocrx_word' id='word_1_10' title='bbox 566 327 651 376; x_wconf 87' lang='lat' dir='ltr'>furere</span> <span class='ocrx_word' id='word_1_11' title='bbox 661 333 723 376; x_wconf 83' lang='lat' dir='ltr'>ante</span> <span class='ocrx_word' id='word_1_12' title='bbox 732 320 871 378; x_wconf 88' lang='lat' dir='ltr'>furorem.&#39;</span> 
     </span>
     <span class='ocr_line' id='line_1_3' title="bbox 135 416 710 466; baseline -0.002 -1"><span class='ocrx_word' id='word_1_13' title='bbox 135 417 200 466; x_wconf 84' lang='lat' dir='ltr'>dixit</span> <span class='ocrx_word' id='word_1_14' title='bbox 212 424 237 464; x_wconf 89' lang='lat' dir='ltr'>et</span> <span class='ocrx_word' id='word_1_15' title='bbox 250 431 264 464; x_wconf 87' lang='lat' dir='ltr'>e</span> <span class='ocrx_word' id='word_1_16' title='bbox 277 432 353 464; x_wconf 89' lang='lat' dir='ltr'>curru</span> <span class='ocrx_word' id='word_1_17' title='bbox 366 419 460 466; x_wconf 87' lang='lat' dir='ltr'>saltum</span> <span class='ocrx_word' id='word_1_18' title='bbox 473 416 544 464; x_wconf 89' lang='lat' dir='ltr'>dedit</span> <span class='ocrx_word' id='word_1_19' title='bbox 556 416 629 464; x_wconf 88' lang='lat' dir='ltr'>ocius</span> <span class='ocrx_word' id='word_1_20' title='bbox 642 416 710 464; x_wconf 85' lang='lat' dir='ltr'>arvis</span> 
     </span>
     <span class='ocr_line' id='line_1_4' title="bbox 134 505 849 570; baseline 0.001 -15"><span class='ocrx_word' id='word_1_21' title='bbox 134 520 230 570; x_wconf 85' lang='lat' dir='ltr'>perque</span> <span class='ocrx_word' id='word_1_22' title='bbox 243 505 333 564; x_wconf 86' lang='lat' dir='ltr'>hostis,</span> <span class='ocrx_word' id='word_1_23' title='bbox 349 521 394 568; x_wconf 90' lang='lat' dir='ltr'>per</span> <span class='ocrx_word' id='word_1_24' title='bbox 407 506 460 554; x_wconf 80' lang='lat' dir='ltr'>tela</span> <span class='ocrx_word' id='word_1_25' title='bbox 472 505 523 553; x_wconf 89' lang='lat' dir='ltr'>ruit</span> <span class='ocrx_word' id='word_1_26' title='bbox 535 511 713 567; x_wconf 83' lang='lat' dir='ltr'>maestamque</span> <span class='ocrx_word' id='word_1_27' title='bbox 729 520 849 556; x_wconf 86' lang='lat' dir='ltr'>sororem</span> 
     </span>
     <span class='ocr_line' id='line_1_5' title="bbox 134 593 818 658; baseline 0.001 -16"><span class='ocrx_word' id='word_1_28' title='bbox 134 594 236 652; x_wconf 87' lang='lat' dir='ltr'>deserit,</span> <span class='ocrx_word' id='word_1_29' title='bbox 252 609 283 642; x_wconf 90' lang='lat' dir='ltr'>ac</span> <span class='ocrx_word' id='word_1_30' title='bbox 296 596 386 657; x_wconf 87' lang='lat' dir='ltr'>rapido</span> <span class='ocrx_word' id='word_1_31' title='bbox 400 609 477 642; x_wconf 87' lang='lat' dir='ltr'>cursu</span> <span class='ocrx_word' id='word_1_32' title='bbox 489 594 575 641; x_wconf 85' lang='lat' dir='ltr'>media</span> <span class='ocrx_word' id='word_1_33' title='bbox 588 593 694 655; x_wconf 78' lang='lat' dir='ltr'><strong>agmina</strong></span> <span class='ocrx_word' id='word_1_34' title='bbox 707 596 818 658; x_wconf 83' lang='lat' dir='ltr'><strong>rumpit.</strong></span> 
     </span>
     <span class='ocr_line' id='line_1_6' title="bbox 134 682 762 746; baseline 0.002 -15"><span class='ocrx_word' id='word_1_35' title='bbox 134 698 165 732; x_wconf 86' lang='lat' dir='ltr'>ac</span> <span class='ocrx_word' id='word_1_36' title='bbox 177 684 254 731; x_wconf 87' lang='lat' dir='ltr'>veluti</span> <span class='ocrx_word' id='word_1_37' title='bbox 268 684 363 730; x_wconf 89' lang='lat' dir='ltr'>montis</span> <span class='ocrx_word' id='word_1_38' title='bbox 376 698 467 730; x_wconf 87' lang='lat' dir='ltr'>saxum</span> <span class='ocrx_word' id='word_1_39' title='bbox 481 683 513 730; x_wconf 84' lang='lat' dir='ltr'>de</span> <span class='ocrx_word' id='word_1_40' title='bbox 526 682 620 731; x_wconf 86' lang='lat' dir='ltr'>vertice</span> <span class='ocrx_word' id='word_1_41' title='bbox 632 697 762 746; x_wconf 86' lang='lat' dir='ltr'>praeceps</span> 
     </span>
     <span class='ocr_line' id='line_1_7' title="bbox 65 770 788 830; baseline 0 -10"><span class='ocrx_word' id='word_1_42' title='bbox 65 777 114 820; x_wconf 79' lang='lat'>685</span> <span class='ocrx_word' id='word_1_43' title='bbox 136 787 193 821; x_wconf 88' lang='lat' dir='ltr'>cum</span> <span class='ocrx_word' id='word_1_44' title='bbox 207 772 266 830; x_wconf 80' lang='lat' dir='ltr'>ruit,</span> <span class='ocrx_word' id='word_1_45' title='bbox 282 773 398 819; x_wconf 88' lang='lat' dir='ltr'>avolsum</span> <span class='ocrx_word' id='word_1_46' title='bbox 410 779 495 830; x_wconf 88' lang='lat' dir='ltr'>vento,</span> <span class='ocrx_word' id='word_1_47' title='bbox 511 785 555 819; x_wconf 88' lang='lat' dir='ltr'>seu</span> <span class='ocrx_word' id='word_1_48' title='bbox 568 770 686 818; x_wconf 84' lang='lat' dir='ltr'>turbidus</span> <span class='ocrx_word' id='word_1_49' title='bbox 700 771 788 822; x_wconf 85' lang='lat' dir='ltr'>imber</span> 
     </span>
     <span class='ocr_line' id='line_1_8' title="bbox 135 858 743 923; baseline 0.002 -16"><span class='ocrx_word' id='word_1_50' title='bbox 135 861 231 923; x_wconf 87' lang='lat' dir='ltr'>proluit</span> <span class='ocrx_word' id='word_1_51' title='bbox 243 868 287 908; x_wconf 87' lang='lat' dir='ltr'>aut</span> <span class='ocrx_word' id='word_1_52' title='bbox 299 861 374 908; x_wconf 90' lang='lat' dir='ltr'>annis</span> <span class='ocrx_word' id='word_1_53' title='bbox 387 860 464 908; x_wconf 85' lang='lat' dir='ltr'>solvit</span> <span class='ocrx_word' id='word_1_54' title='bbox 475 858 598 923; x_wconf 77' lang='lat' dir='ltr'>sublapsa</span> <span class='ocrx_word' id='word_1_55' title='bbox 609 865 725 908; x_wconf 86' lang='lat' dir='ltr'>vetustas</span> <span class='ocrx_word' id='word_1_56' title='bbox 736 878 743 921; x_wconf 87' lang='lat'>3</span> 
     </span>
     <span class='ocr_line' id='line_1_9' title="bbox 136 947 822 1011; baseline 0.009 -16"><span class='ocrx_word' id='word_1_57' title='bbox 136 949 215 997; x_wconf 84' lang='lat' dir='ltr'>fertur</span> <span class='ocrx_word' id='word_1_58' title='bbox 227 949 254 996; x_wconf 91' lang='lat' dir='ltr'>in</span> <span class='ocrx_word' id='word_1_59' title='bbox 268 948 403 1011; x_wconf 84' lang='lat' dir='ltr'>abruptum</span> <span class='ocrx_word' id='word_1_60' title='bbox 417 963 515 1010; x_wconf 85' lang='lat' dir='ltr'>magno</span> <span class='ocrx_word' id='word_1_61' title='bbox 528 963 603 996; x_wconf 91' lang='lat' dir='ltr'>mons</span> <span class='ocrx_word' id='word_1_62' title='bbox 615 947 745 1010; x_wconf 86' lang='lat' dir='ltr'>inprobus</span> <span class='ocrx_word' id='word_1_63' title='bbox 761 959 822 1000; x_wconf 86' lang='lat' dir='ltr'>actu</span> 
     </span>
     <span class='ocr_line' id='line_1_10' title="bbox 135 1036 718 1100; baseline 0 -14"><span class='ocrx_word' id='word_1_64' title='bbox 135 1038 284 1100; x_wconf 86' lang='lat' dir='ltr'>exultatque</span> <span class='ocrx_word' id='word_1_65' title='bbox 296 1038 362 1096; x_wconf 86' lang='lat' dir='ltr'>solo,</span> <span class='ocrx_word' id='word_1_66' title='bbox 377 1037 455 1085; x_wconf 89' lang='lat' dir='ltr'>silvas</span> <span class='ocrx_word' id='word_1_67' title='bbox 468 1043 584 1086; x_wconf 83' lang='lat' dir='ltr'>armenta</span> <span class='ocrx_word' id='word_1_68' title='bbox 596 1036 718 1098; x_wconf 89' lang='lat' dir='ltr'>virosque</span> 
     </span>
     <span class='ocr_line' id='line_1_11' title="bbox 134 1124 809 1189; baseline 0.007 -17"><span class='ocrx_word' id='word_1_69' title='bbox 134 1126 266 1174; x_wconf 87' lang='lat' dir='ltr'>involvens</span> <span class='ocrx_word' id='word_1_70' title='bbox 280 1141 380 1174; x_wconf 88' lang='lat' dir='ltr'>secum:</span> <span class='ocrx_word' id='word_1_71' title='bbox 402 1125 509 1174; x_wconf 90' lang='lat' dir='ltr'>disiecta</span> <span class='ocrx_word' id='word_1_72' title='bbox 521 1140 567 1189; x_wconf 88' lang='lat' dir='ltr'>per</span> <span class='ocrx_word' id='word_1_73' title='bbox 580 1124 686 1186; x_wconf 83' lang='lat' dir='ltr'>agmina</span> <span class='ocrx_word' id='word_1_74' title='bbox 698 1125 809 1177; x_wconf 82' lang='lat' dir='ltr'>Turnus</span> 
     </span>
     <span class='ocr_line' id='line_1_12' title="bbox 65 1213 736 1277; baseline 0.001 -15"><span class='ocrx_word' id='word_1_75' title='bbox 65 1219 114 1263; x_wconf 83' lang='lat'>690</span> <span class='ocrx_word' id='word_1_76' title='bbox 135 1215 171 1263; x_wconf 88' lang='lat' dir='ltr'>sic</span> <span class='ocrx_word' id='word_1_77' title='bbox 185 1214 254 1262; x_wconf 89' lang='lat' dir='ltr'>urbis</span> <span class='ocrx_word' id='word_1_78' title='bbox 268 1215 319 1261; x_wconf 88' lang='lat' dir='ltr'>ruit</span> <span class='ocrx_word' id='word_1_79' title='bbox 336 1214 367 1261; x_wconf 89' lang='lat' dir='ltr'>ad</span> <span class='ocrx_word' id='word_1_80' title='bbox 381 1225 477 1273; x_wconf 85' lang='lat' dir='ltr'>muros,</span> <span class='ocrx_word' id='word_1_81' title='bbox 493 1215 536 1262; x_wconf 91' lang='lat' dir='ltr'>nbi</span> <span class='ocrx_word' id='word_1_82' title='bbox 550 1214 663 1277; x_wconf 86' lang='lat' dir='ltr'>plurima</span> <span class='ocrx_word' id='word_1_83' title='bbox 676 1213 736 1263; x_wconf 84' lang='lat' dir='ltr'>fuso</span> 
     </span>
     <span class='ocr_line' id='line_1_13' title="bbox 135 1302 865 1366; baseline 0.008 -16"><span class='ocrx_word' id='word_1_84' title='bbox 135 1304 260 1364; x_wconf 85' lang='lat' dir='ltr'>sanguine</span> <span class='ocrx_word' id='word_1_85' title='bbox 274 1311 341 1352; x_wconf 85' lang='lat' dir='ltr'>terra</span> <span class='ocrx_word' id='word_1_86' title='bbox 353 1303 440 1351; x_wconf 89' lang='lat' dir='ltr'>madet</span> <span class='ocrx_word' id='word_1_87' title='bbox 452 1304 613 1366; x_wconf 76' lang='lat' dir='ltr'>striduntque</span> <span class='ocrx_word' id='word_1_88' title='bbox 626 1302 768 1354; x_wconf 86' lang='lat' dir='ltr'>hastilibus</span> <span class='ocrx_word' id='word_1_89' title='bbox 779 1321 865 1357; x_wconf 82' lang='lat' dir='ltr'>aurae.</span> 
     </span>
     <span class='ocr_line' id='line_1_14' title="bbox 134 1391 820 1456; baseline 0.007 -16"><span class='ocrx_word' id='word_1_90' title='bbox 134 1392 313 1454; x_wconf 83' lang='lat' dir='ltr'>significatque</span> <span class='ocrx_word' id='word_1_91' title='bbox 327 1407 404 1439; x_wconf 91' lang='lat' dir='ltr'>manu</span> <span class='ocrx_word' id='word_1_92' title='bbox 419 1399 444 1440; x_wconf 90' lang='lat' dir='ltr'>et</span> <span class='ocrx_word' id='word_1_93' title='bbox 456 1407 551 1454; x_wconf 87' lang='lat' dir='ltr'>magno</span> <span class='ocrx_word' id='word_1_94' title='bbox 564 1392 641 1440; x_wconf 89' lang='lat' dir='ltr'>simul</span> <span class='ocrx_word' id='word_1_95' title='bbox 654 1391 752 1455; x_wconf 80' lang='lat' dir='ltr'>incipit</span> <span class='ocrx_word' id='word_1_96' title='bbox 765 1410 820 1456; x_wconf 88' lang='lat' dir='ltr'>ore,</span> 
     </span>
    </p>
   </div>
   <div class='ocr_carea' id='block_1_3' title="bbox 131 1472 843 1544">
    <p class='ocr_par' dir='ltr' id='par_1_3' title="bbox 131 1472 843 1544">
     <span class='ocr_line' id='line_1_15' title="bbox 131 1472 843 1544; baseline 0.006 -15"><span class='ocrx_word' id='word_1_97' title='bbox 131 1472 239 1544; x_wconf 86' lang='lat' dir='ltr'>‘parcite</span> <span class='ocrx_word' id='word_1_98' title='bbox 252 1481 312 1539; x_wconf 81' lang='lat' dir='ltr'>iam,</span> <span class='ocrx_word' id='word_1_99' title='bbox 328 1480 426 1539; x_wconf 85' lang='lat' dir='ltr'>Rutuli,</span> <span class='ocrx_word' id='word_1_100' title='bbox 442 1488 467 1528; x_wconf 88' lang='lat' dir='ltr'>ct</span> <span class='ocrx_word' id='word_1_101' title='bbox 479 1494 523 1527; x_wconf 89' lang='lat' dir='ltr'>vos</span> <span class='ocrx_word' id='word_1_102' title='bbox 537 1481 589 1528; x_wconf 86' lang='lat' dir='ltr'>tela</span> <span class='ocrx_word' id='word_1_103' title='bbox 601 1479 726 1540; x_wconf 86' lang='lat' dir='ltr'>inhibete,</span> <span class='ocrx_word' id='word_1_104' title='bbox 744 1483 843 1532; x_wconf 82' lang='lat' dir='ltr'>Latini.</span> 
     </span>
    </p>
   </div>
   <div class='ocr_carea' id='block_1_4' title="bbox 64 1569 900 2695">
    <p class='ocr_par' dir='ltr' id='par_1_4' title="bbox 64 1569 900 2695">
     <span class='ocr_line' id='line_1_16' title="bbox 134 1569 866 1632; baseline 0.007 -16"><span class='ocrx_word' id='word_1_105' title='bbox 134 1583 311 1632; x_wconf 87' lang='lat' dir='ltr'>quaecumque</span> <span class='ocrx_word' id='word_1_106' title='bbox 325 1576 363 1617; x_wconf 91' lang='lat' dir='ltr'>est</span> <span class='ocrx_word' id='word_1_107' title='bbox 369 1569 492 1627; x_wconf 78' lang='lat' dir='ltr'>Fortuna,</span> <span class='ocrx_word' id='word_1_108' title='bbox 506 1584 564 1617; x_wconf 86' lang='lat' dir='ltr'>mea</span> <span class='ocrx_word' id='word_1_109' title='bbox 574 1576 626 1628; x_wconf 85' lang='lat' dir='ltr'>est;</span> <span class='ocrx_word' id='word_1_110' title='bbox 640 1570 779 1620; x_wconf 81' lang='lat' dir='ltr'>mererius</span> <span class='ocrx_word' id='word_1_111' title='bbox 790 1587 866 1621; x_wconf 88' lang='lat' dir='ltr'>uuum</span> 
     </span>
     <span class='ocr_line' id='line_1_17' title="bbox 64 1651 748 1720; baseline -0.001 -14"><span class='ocrx_word' id='word_1_112' title='bbox 64 1664 113 1706; x_wconf 79' lang='lat'>695</span> <span class='ocrx_word' id='word_1_113' title='bbox 135 1674 180 1720; x_wconf 89' lang='lat' dir='ltr'>pro</span> <span class='ocrx_word' id='word_1_114' title='bbox 194 1660 266 1706; x_wconf 88' lang='lat' dir='ltr'>vobis</span> <span class='ocrx_word' id='word_1_115' title='bbox 281 1659 371 1706; x_wconf 85' lang='lat' dir='ltr'>foedus</span> <span class='ocrx_word' id='word_1_116' title='bbox 386 1658 456 1706; x_wconf 87' lang='lat' dir='ltr'>luere</span> <span class='ocrx_word' id='word_1_117' title='bbox 470 1665 494 1704; x_wconf 89' lang='lat' dir='ltr'>et</span> <span class='ocrx_word' id='word_1_118' title='bbox 507 1657 643 1704; x_wconf 83' lang='lat' dir='ltr'>decernere</span> <span class='ocrx_word' id='word_1_119' title='bbox 657 1651 748 1705; x_wconf 61' lang='lat' dir='ltr'>ferro?</span> 
     </span>
     <span class='ocr_line' id='line_1_18' title="bbox 134 1745 764 1807; baseline 0.003 -13"><span class='ocrx_word' id='word_1_120' title='bbox 134 1749 273 1796; x_wconf 84' lang='lat' dir='ltr'>discessere</span> <span class='ocrx_word' id='word_1_121' title='bbox 287 1762 375 1794; x_wconf 90' lang='lat' dir='ltr'>omnes</span> <span class='ocrx_word' id='word_1_122' title='bbox 389 1747 466 1794; x_wconf 90' lang='lat' dir='ltr'>medii</span> <span class='ocrx_word' id='word_1_123' title='bbox 480 1745 643 1807; x_wconf 88' lang='lat' dir='ltr'>spatiumque</span> <span class='ocrx_word' id='word_1_124' title='bbox 656 1746 764 1797; x_wconf 87' lang='lat' dir='ltr'>dedere.</span> 
     </span>
     <span class='ocr_line' id='line_1_19' title="bbox 169 1834 720 1900; baseline -0.004 -16"><span class='ocrx_word' id='word_1_125' title='bbox 169 1838 204 1884; x_wconf 87' lang='lat' dir='ltr'>At</span> <span class='ocrx_word' id='word_1_126' title='bbox 217 1843 289 1900; x_wconf 87' lang='lat' dir='ltr'>pater</span> <span class='ocrx_word' id='word_1_127' title='bbox 302 1837 404 1884; x_wconf 82' lang='lat' dir='ltr'>Aeneas</span> <span class='ocrx_word' id='word_1_128' title='bbox 418 1835 506 1882; x_wconf 89' lang='lat' dir='ltr'>audito</span> <span class='ocrx_word' id='word_1_129' title='bbox 521 1834 624 1882; x_wconf 86' lang='lat' dir='ltr'>nomine</span> <span class='ocrx_word' id='word_1_130' title='bbox 637 1834 720 1882; x_wconf 90' lang='lat' dir='ltr'>Turni</span> 
     </span>
     <span class='ocr_line' id='line_1_20' title="bbox 134 1922 720 1972; baseline 0.002 0"><span class='ocrx_word' id='word_1_131' title='bbox 134 1926 228 1972; x_wconf 87' lang='lat' dir='ltr'>deserit</span> <span class='ocrx_word' id='word_1_132' title='bbox 240 1932 265 1972; x_wconf 88' lang='lat' dir='ltr'>et</span> <span class='ocrx_word' id='word_1_133' title='bbox 277 1940 363 1972; x_wconf 83' lang='lat' dir='ltr'>muros</span> <span class='ocrx_word' id='word_1_134' title='bbox 378 1933 402 1972; x_wconf 89' lang='lat' dir='ltr'>et</span> <span class='ocrx_word' id='word_1_135' title='bbox 414 1938 527 1971; x_wconf 90' lang='lat' dir='ltr'>summas</span> <span class='ocrx_word' id='word_1_136' title='bbox 541 1922 635 1970; x_wconf 85' lang='lat' dir='ltr'>deserit</span> <span class='ocrx_word' id='word_1_137' title='bbox 648 1937 720 1972; x_wconf 86' lang='lat' dir='ltr'>arces</span> 
     </span>
     <span class='ocr_line' id='line_1_21' title="bbox 133 2011 864 2081; baseline 0.01 -22"><span class='ocrx_word' id='word_1_138' title='bbox 133 2013 336 2075; x_wconf 84' lang='lat' dir='ltr'>praecipitatque</span> <span class='ocrx_word' id='word_1_139' title='bbox 350 2028 435 2061; x_wconf 90' lang='lat' dir='ltr'>moras</span> <span class='ocrx_word' id='word_1_140' title='bbox 449 2011 542 2069; x_wconf 87' lang='lat' dir='ltr'>omnis,</span> <span class='ocrx_word' id='word_1_141' title='bbox 563 2025 642 2073; x_wconf 87' lang='lat' dir='ltr'>opera</span> <span class='ocrx_word' id='word_1_142' title='bbox 654 2013 748 2062; x_wconf 84' lang='lat' dir='ltr'>omnia</span> <span class='ocrx_word' id='word_1_143' title='bbox 761 2017 864 2081; x_wconf 83' lang='lat' dir='ltr'>rumpit.</span> 
     </span>
     <span class='ocr_line' id='line_1_22' title="bbox 65 2099 898 2164; baseline -0.001 -15"><span class='ocrx_word' id='word_1_144' title='bbox 65 2107 114 2149; x_wconf 84' lang='lat'>700</span> <span class='ocrx_word' id='word_1_145' title='bbox 134 2100 231 2148; x_wconf 90' lang='lat' dir='ltr'>laetitia</span> <span class='ocrx_word' id='word_1_146' title='bbox 245 2103 372 2160; x_wconf 84' lang='lat' dir='ltr'>exultans,</span> <span class='ocrx_word' id='word_1_147' title='bbox 388 2101 597 2161; x_wconf 86' lang='lat' dir='ltr'>horrendumque</span> <span class='ocrx_word' id='word_1_148' title='bbox 609 2099 712 2148; x_wconf 86' lang='lat' dir='ltr'>intonat</span> <span class='ocrx_word' id='word_1_149' title='bbox 725 2106 820 2164; x_wconf 86' lang='lat' dir='ltr'>armis,</span> <span class='ocrx_word' id='word_1_150' title='bbox 892 2134 898 2148; x_wconf 87' lang='grc'><strong>.</strong></span> 
     </span>
     <span class='ocr_line' id='line_1_23' title="bbox 134 2160 900 2252; baseline 0.007 -17"><span class='ocrx_word' id='word_1_151' title='bbox 134 2197 245 2251; x_wconf 86' lang='lat' dir='ltr'>quantus</span> <span class='ocrx_word' id='word_1_152' title='bbox 259 2190 341 2238; x_wconf 81' lang='lat' dir='ltr'>Athos</span> <span class='ocrx_word' id='word_1_153' title='bbox 356 2198 400 2237; x_wconf 91' lang='lat' dir='ltr'>aut</span> <span class='ocrx_word' id='word_1_154' title='bbox 413 2196 524 2252; x_wconf 87' lang='lat' dir='ltr'>quantus</span> <span class='ocrx_word' id='word_1_155' title='bbox 536 2188 605 2250; x_wconf 83' lang='lat' dir='ltr'>Eryx</span> <span class='ocrx_word' id='word_1_156' title='bbox 619 2195 663 2234; x_wconf 86' lang='lat' dir='ltr'>aut</span> <span class='ocrx_word' id='word_1_157' title='bbox 679 2189 738 2252; x_wconf 86' lang='lat' dir='ltr'>ipse</span> <span class='ocrx_word' id='word_1_158' title='bbox 753 2195 866 2243; x_wconf 83' lang='lat' dir='ltr'>coruscis</span> <span class='ocrx_word' id='word_1_159' title='bbox 893 2160 900 2203; x_wconf 52' lang='grc' dir='ltr'>ί</span> 
     </span>
     <span class='ocr_line' id='line_1_24' title="bbox 134 2277 789 2340; baseline 0.002 -16"><span class='ocrx_word' id='word_1_160' title='bbox 134 2293 192 2325; x_wconf 91' lang='lat' dir='ltr'>cum</span> <span class='ocrx_word' id='word_1_161' title='bbox 205 2278 289 2325; x_wconf 89' lang='lat' dir='ltr'>fremit</span> <span class='ocrx_word' id='word_1_162' title='bbox 302 2279 403 2326; x_wconf 84' lang='lat' dir='ltr'>ilicibus</span> <span class='ocrx_word' id='word_1_163' title='bbox 417 2286 528 2340; x_wconf 89' lang='lat' dir='ltr'>quantus</span> <span class='ocrx_word' id='word_1_164' title='bbox 542 2277 690 2338; x_wconf 81' lang='lat' dir='ltr'>gaudetque</span> <span class='ocrx_word' id='word_1_165' title='bbox 703 2279 789 2330; x_wconf 80' lang='lat' dir='ltr'>nivali</span> 
     </span>
     <span class='ocr_line' id='line_1_25' title="bbox 133 2365 825 2429; baseline 0 -16"><span class='ocrx_word' id='word_1_166' title='bbox 133 2367 225 2416; x_wconf 83' lang='lat' dir='ltr'>vertice</span> <span class='ocrx_word' id='word_1_167' title='bbox 239 2383 265 2416; x_wconf 86' lang='lat' dir='ltr'>se</span> <span class='ocrx_word' id='word_1_168' title='bbox 280 2367 400 2415; x_wconf 87' lang='lat' dir='ltr'>attollens</span> <span class='ocrx_word' id='word_1_169' title='bbox 413 2375 485 2429; x_wconf 89' lang='lat' dir='ltr'>pater</span> <span class='ocrx_word' id='word_1_170' title='bbox 497 2365 669 2428; x_wconf 88' lang='lat' dir='ltr'>Appenninus</span> <span class='ocrx_word' id='word_1_171' title='bbox 684 2366 716 2413; x_wconf 89' lang='lat' dir='ltr'>ad</span> <span class='ocrx_word' id='word_1_172' title='bbox 731 2384 825 2419; x_wconf 78' lang='lat' dir='ltr'>auras.</span> 
     </span>
     <span class='ocr_line' id='line_1_26' title="bbox 133 2454 809 2508; baseline 0.004 -6"><span class='ocrx_word' id='word_1_173' title='bbox 133 2456 184 2503; x_wconf 86' lang='lat' dir='ltr'>ium</span> <span class='ocrx_word' id='word_1_174' title='bbox 199 2470 258 2504; x_wconf 80' lang='lat' dir='ltr'>vero</span> <span class='ocrx_word' id='word_1_175' title='bbox 272 2463 296 2503; x_wconf 87' lang='lat' dir='ltr'>et</span> <span class='ocrx_word' id='word_1_176' title='bbox 309 2455 396 2503; x_wconf 84' lang='lat' dir='ltr'>Rutuli</span> <span class='ocrx_word' id='word_1_177' title='bbox 411 2455 526 2502; x_wconf 83' lang='lat' dir='ltr'>certatim</span> <span class='ocrx_word' id='word_1_178' title='bbox 540 2461 565 2502; x_wconf 89' lang='lat' dir='ltr'>ct</span> <span class='ocrx_word' id='word_1_179' title='bbox 577 2454 658 2500; x_wconf 84' lang='lat' dir='ltr'>Troes</span> <span class='ocrx_word' id='word_1_180' title='bbox 674 2461 699 2502; x_wconf 87' lang='lat' dir='ltr'>et</span> <span class='ocrx_word' id='word_1_181' title='bbox 712 2470 809 2508; x_wconf 87' lang='lat' dir='ltr'>omnes</span> 
     </span>
     <span class='ocr_line' id='line_1_27' title="bbox 64 2541 787 2605; baseline 0 -11"><span class='ocrx_word' id='word_1_182' title='bbox 64 2549 112 2594; x_wconf 81' lang='lat'>705</span> <span class='ocrx_word' id='word_1_183' title='bbox 134 2553 280 2593; x_wconf 78' lang='lat' dir='ltr'>convertere</span> <span class='ocrx_word' id='word_1_184' title='bbox 294 2543 382 2591; x_wconf 86' lang='lat' dir='ltr'>oculos</span> <span class='ocrx_word' id='word_1_185' title='bbox 396 2543 465 2602; x_wconf 86' lang='lat' dir='ltr'>Itali,</span> <span class='ocrx_word' id='word_1_186' title='bbox 482 2543 577 2605; x_wconf 88' lang='lat' dir='ltr'>quique</span> <span class='ocrx_word' id='word_1_187' title='bbox 591 2541 643 2589; x_wconf 87' lang='lat' dir='ltr'>alta</span> <span class='ocrx_word' id='word_1_188' title='bbox 656 2543 787 2594; x_wconf 88' lang='lat' dir='ltr'>tenebant</span> 
     </span>
     <span class='ocr_line' id='line_1_28' title="bbox 133 2630 784 2695; baseline 0.003 -15"><span class='ocrx_word' id='word_1_189' title='bbox 133 2633 236 2682; x_wconf 85' lang='lat' dir='ltr'>moenia</span> <span class='ocrx_word' id='word_1_190' title='bbox 248 2633 343 2695; x_wconf 87' lang='lat' dir='ltr'>quique</span> <span class='ocrx_word' id='word_1_191' title='bbox 357 2631 422 2680; x_wconf 90' lang='lat' dir='ltr'>imos</span> <span class='ocrx_word' id='word_1_192' title='bbox 436 2631 575 2694; x_wconf 85' lang='lat' dir='ltr'>pulsabant</span> <span class='ocrx_word' id='word_1_193' title='bbox 588 2630 667 2678; x_wconf 81' lang='lat' dir='ltr'>ariete</span> <span class='ocrx_word' id='word_1_194' title='bbox 680 2645 784 2694; x_wconf 88' lang='lat' dir='ltr'>muros,</span> 
     </span>
    </p>
   </div>
   <div class='ocr_carea' id='block_1_5' title="bbox 0 0 912 2956">
    <p class='ocr_par' dir='ltr' id='par_1_5' title="bbox 0 0 912 2956">
     <span class='ocr_line' id='line_1_29' title="bbox 0 0 912 2956; baseline 0 0"><span class='ocrx_word' id='word_1_195' title='bbox 0 0 912 2956; x_wconf 95' lang='lat' dir='ltr'> </span> 
     </span>
    </p>
   </div>
  </div>
 </body>
</html>
