1816 2956
328 187 354 226 P.
371 186 493 226 rustum
513 187 644 227 Mandros

156 350 348 407 pascunturque
360 344 433 405 ignes
446 345 566 392 nocturni
580 352 606 392 et
617 345 716 393 lumina
729 345 849 394 fundunt.

158 431 308 481 etdubitant
318 433 436 482 homines
448 447 530 482 serere
542 441 620 497 atque
630 435 772 497 inpendere
784 436 887 484 curam?

157 522 219 585 quid
233 521 333 570 maiora
345 522 455 586 sequar?
484 522 576 572 salices
590 523 753 587 humilesque
765 532 886 586 genestae

86 617 136 660 435
157 619 202 659 eut
213 611 275 660 illae
288 612 374 674 pecori
388 611 506 660 frondem
519 619 564 660 aut
575 612 721 675 pastoribus
735 614 853 662 umbram

156 700 288 748 sufficiunt
300 715 455 763 saepemque
469 701 530 749 satis
544 709 569 750 et
581 701 678 764 pabula
690 703 771 750 melli.

157 799 182 839 et
193 790 264 838 iuvat
276 790 418 838 undantem
431 790 501 838 buxo
514 797 630 853 spectare
644 789 769 853 Cytorum

156 879 333 941 Naryciusque
345 879 409 942 picis
423 879 505 939 lucos,
521 880 590 927 iuvet
603 896 664 928 arva
675 880 763 929 videre

156 983 209 1016 non
222 968 319 1027 rastris,
335 968 470 1016 hominum
483 983 536 1015 non
548 969 596 1017 ulli
611 969 725 1017 obnoxia
738 985 824 1018 curae.

85 1064 136 1106 440
157 1059 227 1122 ipsae
242 1056 369 1106 Caucasio
384 1057 482 1105 steriles
495 1057 522 1104 in
535 1058 629 1107 vertice
641 1059 730 1117 silvae,

156 1162 220 1210 quas
234 1146 344 1194 animosi
358 1146 412 1194 euri
425 1146 532 1195 adsidue
546 1146 720 1211 franguntque
738 1147 881 1211 teruntque,

156 1237 219 1284 dent
231 1236 297 1283 alios
311 1235 377 1282 oliae
391 1234 465 1294 fetus,
481 1236 544 1283 dant
556 1236 619 1284 utile
632 1236 733 1297 lignum

155 1325 264 1386 navigiis
278 1325 362 1387 pinos,
379 1324 498 1372 domibus
512 1325 669 1387 cedrumque
681 1339 882 1388 cupressosqne;

155 1414 216 1462 hinc
228 1414 314 1461 radios
328 1413 419 1462 trivere
432 1413 503 1472 rotis,
519 1413 580 1462 hinc
593 1420 716 1476 tympano
728 1416 850 1477 plaustris

84 1509 134 1551 445
156 1503 294 1564 agricolae,
311 1509 336 1551 et
348 1503 447 1566 pendas
461 1502 558 1550 ratibus
571 1517 681 1565 posuere
694 1504 806 1552 carinas.

154 1592 291 1640 viminibus
305 1592 396 1640 salices
410 1592 545 1651 fecundae,
561 1591 696 1640 frondibus
707 1593 782 1653 ulmi,

155 1689 182 1730 at
194 1688 291 1744 myrtus
304 1681 396 1728 validis
410 1680 545 1729 hastilibus
559 1688 584 1729 et
597 1680 666 1729 bona
678 1681 748 1731 bello

155 1786 257 1830 cornus,
272 1770 388 1818 Ituraeos
402 1769 455 1817 taxi
468 1777 621 1832 torquentur
633 1771 660 1817 in
674 1786 758 1820 arcus.

154 1876 201 1909 nec
214 1860 286 1908 tiliae
299 1860 367 1908 leves
380 1866 425 1906 sut
437 1868 513 1907 toruo
526 1860 604 1908 rasile
616 1859 714 1908 buxum

83 1955 134 1997 450
153 1965 206 1997 non
219 1951 330 1998 formam
343 1949 474 2012 accipiunt
486 1949 606 2012 ferroque
619 1957 743 1998 caventur
756 1958 842 1999 acuto.

154 2054 201 2087 nec
214 2053 268 2086 non
281 2046 306 2087 et
318 2045 456 2087 torrentem
470 2040 568 2086 undam
580 2040 643 2088 levis
655 2039 757 2088 innatet
770 2041 845 2088 alnus

154 2128 232 2176 missa
244 2128 325 2175 Pedo.
354 2143 401 2176 nec
414 2142 467 2175 non
481 2136 505 2176 et
518 2143 579 2191 apes
593 2129 713 2176 examina
726 2129 844 2177 condunt

155 2217 343 2279 corticibusque
357 2217 424 2265 cavis
437 2217 596 2281 vitiosaeque
608 2218 674 2266 ilicis
687 2218 770 2266 alveo.

154 2307 216 2369 quid
230 2306 426 2353 memorandum
440 2306 657 2368 aequeBaccheia
670 2306 741 2354 done
753 2305 882 2355 tulerunt?

83 2403 133 2445 455
153 2395 271 2444 Bacchus
286 2395 356 2443 etad
370 2396 474 2458 culpam
486 2410 577 2444 causas
591 2396 676 2454 dedit;
696 2395 741 2443 ille
754 2395 862 2445 furentis

150 2484 297 2534 Centauros
310 2486 364 2535 leto
378 2485 488 2545 domuit,
502 2484 682 2548 Rhoetumque
695 2483 861 2549 Pholumque

132 2583 162 2623 ct
175 2592 279 2642 magno
292 2578 433 2646 Hylaeum
444 2576 570 2642 Lapithis
584 2581 683 2623 cratere
691 2573 844 2620 minantem.

161 2667 186 2718 0
199 2669 367 2725 fortunatos
384 2673 523 2730 nimium,
537 2681 591 2718 sua
603 2663 714 2713 sibene
722 2658 826 2713 nor'rutt
