1816 2956
264 190 433 233 Gnoncwon
450 191 538 230 LlBlill
551 192 591 231 1v.
765 182 822 228 119

48 354 81 398 30
101 349 138 399 fer
154 349 262 398 stabulis
279 349 414 397 inimicum
430 348 517 409 iguem
536 355 612 411 atque
629 347 743 396 interfice
761 362 826 395 mes-

402 452 450 494 ses,

100 541 146 575 ure
159 534 215 576 sata
228 535 253 576 et
264 527 378 575 validam
391 527 418 574 in
431 527 489 574 vitis
502 519 593 573 molire'
606 524 747 587 bipinnem‚

100 622 173 662 tanta
184 630 257 661 meae
270 615 291 660 si
305 621 328 661 te
342 608 464 676 cc'perunt
476 614 562 661 taedia
574 605 677 661 laudis.'

100 709 128 750 at
140 709 221 751 mater
233 701 346 749 sonitum
359 701 474 750 thalamo
487 701 534 749 sub
547 703 658 749 fluminis
672 703 716 750 alti

100 791 188 838 sensit.
217 804 273 839 eam
287 791 383 839 circum
395 790 499 840 Milesia
511 791 607 839 vellera
620 791 747 854 nymphae

47 884 80 927 35
102 879 250 943 carpebant,
265 880 335 942 hyali
348 886 435 928 saturo
449 880 537 928 fucata
549 880 645 939 colore,

100 968 251 1031 Drymoquc
263 968 420 1031 Xanthoque
433 969 566 1032 Ligeaque
578 957 797 1030 Phyllodoceque,

101 1057 241 1105 caesariem
254 1057 350 1106 offusae
362 1057 471 1105 nitidam
484 1072 530 1120 per
542 1057 654 1105 candida
667 1057 735 1105 colla

102 1143 212 1208 [Nesaee
225 1143 339 1209 Spioque
352 1145 497 1209 Thaliaque
511 1144 730 1208 Cymodoceque],

103 1231 271 1296 Cydippeque
285 1241 309 1282 et
321 1234 387 1282 flava
399 1235 531 1297 Lycorias,
547 1236 628 1282 altera
640 1234 720 1296 virgo,

49 1327 83 1370 4⁰
102 1322 184 1370 altera
197 1325 251 1369 tuni
263 1323 360 1385 primos
373 1323 488 1370 Lucinae
502 1331 607 1384 experta
619 1322 729 1378 labores,

103 1409 214 1472 Clioque
227 1417 252 1459 et
262 1411 346 1460 Beroe
359 1426 440 1471 soror,
457 1412 621 1460 Oceanitides
635 1411 734 1469 ambae,

103 1498 196 1548 ambae
209 1515 281 1560 auro,
296 1500 371 1563 pictis
385 1501 513 1548 incinctae
526 1488 637 1563 pellibus
651 1500 749 1557 amhae,

104 1594 182 1650 atquo
193 1587 296 1651 Ephyre
309 1595 386 1651 atque
400 1586 464 1651 Opis
478 1594 502 1637 et
514 1589 579 1637 Asia
590 1589 708 1651 Deiopea

103 1684 128 1724 et
141 1677 246 1725 tandem
259 1677 349 1740 positis
362 1677 439 1725 velox
451 1677 582 1726 Arethusa
594 1677 702 1739 sagittis.

50 1770 82 1812 45
104 1765 170 1814 inter
184 1780 246 1828 quaa
261 1780 350 1814 curam
363 1765 487 1828 Clymene
500 1765 622 1814 narrabat
633 1766 737 1814 inanem

103 1853 214 1901 Volcani
227 1853 369 1917 Martisque
383 1855 457 1902 dolos
471 1861 496 1902 et
509 1854 595 1902 dulcia
607 1855 683 1913 furta,

103 1956 170 2005 aque
184 1940 258 1990 Chao
272 1943 365 1991 densos
380 1943 465 1990 divom
478 1942 630 1990 numerabat
644 1956 752 1990 amores.

104 2031 217 2079 carmine
231 2044 283 2092 quo
297 2037 387 2092 captae
401 2031 462 2077 dum
475 2030 538 2077 fusis
552 2032 642 2079 mollia
654 2044 736 2093 pensa

103 2119 250 2176 devolvont,
266 2118 358 2166 iterum
371 2127 499 2166 maternas
512 2120 606 2181 inpulit
619 2133 692 2166 aures

50 2213 83 2256 50
104 2208 189 2255 luctus
202 2207 313 2255 Aristaei
327 2207 464 2270 vitreisque
477 2207 599 2255 sedilibus
614 2222 702 2255 omnes

104 2296 267 2359 opstipuere3
288 2296 332 2344 sed
347 2303 405 2344 ante
420 2297 484 2343 alias
497 2296 627 2344 Arethusa
640 2309 739 2343 sorores

105 2384 264 2448 prospiciens
278 2399 379 2432 summa
391 2385 484 2432 flavom
498 2391 575 2447 caput
589 2385 680 2432 extulit
693 2384 763 2432 unda

105 2482 130 2521 et
143 2473 233 2536 procul
246 2473 271 2519 ‘o
283 2473 380 2534 gemitu
394 2488 446 2521 non
460 2474 553 2521 frustra
567 2473 687 2521 exterrita
701 2478 782 2530 tanto,

106 2561 206 2624 Cyrene
218 2575 300 2621 soror,
316 2562 370 2623 ipse
383 2561 437 2621 tibi,
454 2570 498 2609 tua
510 2561 625 2609 maxima
639 2575 708 2619 cura,

51 2656 85 2698 55
106 2650 185 2698 tristis
198 2649 331 2699 Aristaeus
344 2649 423 2699 Penei
436 2650 560 2712 genitoris
574 2649 607 2697 ad
621 2648 722 2696 undam
