<?xml version="1.0" encoding="UTF-8"?>
<!DOCTYPE html PUBLIC "-//W3C//DTD XHTML 1.0 Transitional//EN"
    "http://www.w3.org/TR/xhtml1/DTD/xhtml1-transitional.dtd">
<html xmlns="http://www.w3.org/1999/xhtml" xml:lang="en" lang="en">
 <head>
  <title>
</title>
<meta http-equiv="Content-Type" content="text/html;charset=utf-8" />
  <meta name='ocr-system' content='tesseract 3.04.00' />
  <meta name='ocr-capabilities' content='ocr_page ocr_carea ocr_par ocr_line ocrx_word'/>
</head>
<body>
  <div class='ocr_page' id='page_1' title='image "./pvergiliusmaro01virggoog/pvergiliusmaro01virggoog_0198.png"; bbox 0 0 1816 2956; ppageno 0'>
   <div class='ocr_carea' id='block_1_1' title="bbox 286 208 839 256">
    <p class='ocr_par' dir='ltr' id='par_1_1' title="bbox 286 208 839 256">
     <span class='ocr_line' id='line_1_1' title="bbox 286 208 839 256; baseline 0.005 -3"><span class='ocrx_word' id='word_1_1' title='bbox 286 215 434 254; x_wconf 73' lang='lat' dir='ltr'>auuurues</span> <span class='ocrx_word' id='word_1_2' title='bbox 453 216 539 254; x_wconf 75' lang='lat' dir='ltr'>amun</span> <span class='ocrx_word' id='word_1_3' title='bbox 554 217 585 254; x_wconf 88' lang='lat'>11.</span> <span class='ocrx_word' id='word_1_4' title='bbox 775 208 839 256; x_wconf 75' lang='lat' dir='ltr'>lae</span> 
     </span>
    </p>
   </div>
   <div class='ocr_carea' id='block_1_2' title="bbox 49 372 839 2298">
    <p class='ocr_par' dir='ltr' id='par_1_2' title="bbox 105 372 735 525">
     <span class='ocr_line' id='line_1_2' title="bbox 106 372 735 435; baseline 0 -15"><span class='ocrx_word' id='word_1_5' title='bbox 106 387 182 420; x_wconf 83' lang='lat' dir='ltr'>ausus</span> <span class='ocrx_word' id='word_1_6' title='bbox 196 372 258 434; x_wconf 90' lang='lat' dir='ltr'>quin</span> <span class='ocrx_word' id='word_1_7' title='bbox 269 372 349 420; x_wconf 83' lang='lat' dir='ltr'>etiarn</span> <span class='ocrx_word' id='word_1_8' title='bbox 363 387 437 420; x_wconf 89' lang='lat' dir='ltr'>voces</span> <span class='ocrx_word' id='word_1_9' title='bbox 451 373 546 421; x_wconf 86' lang='lat' dir='ltr'>iactare</span> <span class='ocrx_word' id='word_1_10' title='bbox 560 387 606 435; x_wconf 88' lang='lat' dir='ltr'>per</span> <span class='ocrx_word' id='word_1_11' title='bbox 619 372 735 420; x_wconf 87' lang='lat' dir='ltr'>umbram</span> 
     </span>
     <span class='ocr_line' id='line_1_3' title="bbox 105 460 711 525; baseline -0.002 -16"><span class='ocrx_word' id='word_1_12' title='bbox 105 462 201 525; x_wconf 82' lang='lat' dir='ltr'>inplevi</span> <span class='ocrx_word' id='word_1_13' title='bbox 215 464 329 511; x_wconf 87' lang='lat' dir='ltr'>clamore</span> <span class='ocrx_word' id='word_1_14' title='bbox 342 461 395 508; x_wconf 87' lang='lat' dir='ltr'>vias</span> <span class='ocrx_word' id='word_1_15' title='bbox 408 469 572 524; x_wconf 89' lang='lat' dir='ltr'>maestusque</span> <span class='ocrx_word' id='word_1_16' title='bbox 586 460 711 510; x_wconf 79' lang='lat' dir='ltr'><strong>Creusam</strong></span> 
     </span>
    </p>

    <p class='ocr_par' dir='ltr' id='par_1_3' title="bbox 53 550 836 613">
     <span class='ocr_line' id='line_1_4' title="bbox 53 550 836 613; baseline -0.004 -12"><span class='ocrx_word' id='word_1_17' title='bbox 53 555 85 601; x_wconf 82' lang='lat'>70</span> <span class='ocrx_word' id='word_1_18' title='bbox 106 551 264 613; x_wconf 81' lang='lat' dir='ltr'>nequiquam</span> <span class='ocrx_word' id='word_1_19' title='bbox 284 550 446 612; x_wconf 81' lang='lat' dir='ltr'>ingeminans</span> <span class='ocrx_word' id='word_1_20' title='bbox 465 550 610 612; x_wconf 80' lang='lat' dir='ltr'>iterumque</span> <span class='ocrx_word' id='word_1_21' title='bbox 629 550 773 613; x_wconf 86' lang='lat' dir='ltr'>iterumque</span> <span class='ocrx_word' id='word_1_22' title='bbox 792 565 836 598; x_wconf 85' lang='lat' dir='ltr'>ru-</span> 
     </span>
    </p>

    <p class='ocr_par' dir='ltr' id='par_1_4' title="bbox 104 632 839 1056">
     <span class='ocr_line' id='line_1_5' title="bbox 247 632 472 687; baseline -0.004 0"><span class='ocrx_word' id='word_1_23' title='bbox 247 632 251 639; x_wconf 76' lang='grc'><strong>’</strong></span> <span class='ocrx_word' id='word_1_24' title='bbox 408 639 472 687; x_wconf 86' lang='lat' dir='ltr'>cavi.</span> 
     </span>
     <span class='ocr_line' id='line_1_6' title="bbox 106 726 685 790; baseline 0.002 -15"><span class='ocrx_word' id='word_1_25' title='bbox 106 729 239 790; x_wconf 77' lang='lat' dir='ltr'>quaerenti</span> <span class='ocrx_word' id='word_1_26' title='bbox 253 736 278 776; x_wconf 90' lang='lat' dir='ltr'>et</span> <span class='ocrx_word' id='word_1_27' title='bbox 291 728 364 776; x_wconf 84' lang='lat' dir='ltr'>tectis</span> <span class='ocrx_word' id='word_1_28' title='bbox 377 726 447 775; x_wconf 87' lang='lat' dir='ltr'>urbis</span> <span class='ocrx_word' id='word_1_29' title='bbox 460 728 516 776; x_wconf 88' lang='lat' dir='ltr'>siue</span> <span class='ocrx_word' id='word_1_30' title='bbox 529 728 580 776; x_wconf 89' lang='lat' dir='ltr'>fine</span> <span class='ocrx_word' id='word_1_31' title='bbox 592 727 685 776; x_wconf 85' lang='lat' dir='ltr'>furenti</span> 
     </span>
     <span class='ocr_line' id='line_1_7' title="bbox 104 816 789 879; baseline 0.004 -16"><span class='ocrx_word' id='word_1_32' title='bbox 104 816 195 864; x_wconf 80' lang='lat' dir='ltr'>infelix</span> <span class='ocrx_word' id='word_1_33' title='bbox 207 817 374 864; x_wconf 81' lang='lat' dir='ltr'>simulacrum</span> <span class='ocrx_word' id='word_1_34' title='bbox 387 824 464 879; x_wconf 91' lang='lat' dir='ltr'>atque</span> <span class='ocrx_word' id='word_1_35' title='bbox 477 817 557 879; x_wconf 89' lang='lat' dir='ltr'>ipsius</span> <span class='ocrx_word' id='word_1_36' title='bbox 572 817 662 864; x_wconf 89' lang='lat' dir='ltr'>umbra</span> <span class='ocrx_word' id='word_1_37' title='bbox 676 816 789 866; x_wconf 82' lang='lat' dir='ltr'>Creusae</span> 
     </span>
     <span class='ocr_line' id='line_1_8' title="bbox 104 905 730 967; baseline 0 -15"><span class='ocrx_word' id='word_1_38' title='bbox 104 906 160 953; x_wconf 82' lang='lat' dir='ltr'>visa</span> <span class='ocrx_word' id='word_1_39' title='bbox 173 905 235 952; x_wconf 90' lang='lat' dir='ltr'>mihi</span> <span class='ocrx_word' id='word_1_40' title='bbox 249 913 308 953; x_wconf 88' lang='lat' dir='ltr'>aute</span> <span class='ocrx_word' id='word_1_41' title='bbox 322 907 412 953; x_wconf 90' lang='lat' dir='ltr'>oculos</span> <span class='ocrx_word' id='word_1_42' title='bbox 426 915 450 954; x_wconf 87' lang='lat' dir='ltr'>et</span> <span class='ocrx_word' id='word_1_43' title='bbox 463 914 525 952; x_wconf 90' lang='lat' dir='ltr'>ncta</span> <span class='ocrx_word' id='word_1_44' title='bbox 538 906 622 953; x_wconf 88' lang='lat' dir='ltr'>maior</span> <span class='ocrx_word' id='word_1_45' title='bbox 634 906 730 967; x_wconf 81' lang='lat' dir='ltr'>imago.</span> 
     </span>
     <span class='ocr_line' id='line_1_9' title="bbox 105 993 839 1056; baseline 0 -14"><span class='ocrx_word' id='word_1_46' title='bbox 105 993 217 1056; x_wconf 89' lang='lat' dir='ltr'>obstipui</span> <span class='ocrx_word' id='word_1_47' title='bbox 230 1001 406 1056; x_wconf 84' lang='lat' dir='ltr'>steteruntque</span> <span class='ocrx_word' id='word_1_48' title='bbox 418 1009 507 1042; x_wconf 87' lang='lat' dir='ltr'>comae</span> <span class='ocrx_word' id='word_1_49' title='bbox 520 1001 544 1041; x_wconf 92' lang='lat' dir='ltr'>et</span> <span class='ocrx_word' id='word_1_50' title='bbox 555 1009 605 1041; x_wconf 87' lang='lat' dir='ltr'>vox</span> <span class='ocrx_word' id='word_1_51' title='bbox 616 993 732 1042; x_wconf 83' lang='lat' dir='ltr'>faucibus</span> <span class='ocrx_word' id='word_1_52' title='bbox 740 995 839 1044; x_wconf 86' lang='lat' dir='ltr'>haesit.-</span> 
     </span>
    </p>

    <p class='ocr_par' dir='ltr' id='par_1_5' title="bbox 53 1082 695 1132">
     <span class='ocr_line' id='line_1_10' title="bbox 53 1082 695 1132; baseline -0.003 0"><span class='ocrx_word' id='word_1_53' title='bbox 53 1087 84 1132; x_wconf 83' lang='lat'>75</span> <span class='ocrx_word' id='word_1_54' title='bbox 104 1089 158 1131; x_wconf 91' lang='lat' dir='ltr'>tum</span> <span class='ocrx_word' id='word_1_55' title='bbox 172 1083 209 1130; x_wconf 91' lang='lat' dir='ltr'>sic</span> <span class='ocrx_word' id='word_1_56' title='bbox 222 1082 304 1130; x_wconf 87' lang='lat' dir='ltr'>adfari</span> <span class='ocrx_word' id='word_1_57' title='bbox 318 1090 343 1130; x_wconf 89' lang='lat' dir='ltr'>et</span> <span class='ocrx_word' id='word_1_58' title='bbox 356 1097 430 1130; x_wconf 87' lang='lat' dir='ltr'>curas</span> <span class='ocrx_word' id='word_1_59' title='bbox 444 1083 483 1130; x_wconf 89' lang='lat' dir='ltr'>his</span> <span class='ocrx_word' id='word_1_60' title='bbox 497 1084 599 1131; x_wconf 88' lang='lat' dir='ltr'>demere</span> <span class='ocrx_word' id='word_1_61' title='bbox 612 1083 695 1131; x_wconf 85' lang='lat' dir='ltr'>dictis.</span> 
     </span>
    </p>

    <p class='ocr_par' dir='ltr' id='par_1_6' title="bbox 101 1161 733 1234">
     <span class='ocr_line' id='line_1_11' title="bbox 101 1161 733 1234; baseline 0 -16"><span class='ocrx_word' id='word_1_62' title='bbox 101 1161 175 1234; x_wconf 85' lang='lat' dir='ltr'>‘quid</span> <span class='ocrx_word' id='word_1_63' title='bbox 189 1179 289 1219; x_wconf 90' lang='lat' dir='ltr'>tantum</span> <span class='ocrx_word' id='word_1_64' title='bbox 302 1171 394 1219; x_wconf 88' lang='lat' dir='ltr'>insano</span> <span class='ocrx_word' id='word_1_65' title='bbox 408 1171 479 1218; x_wconf 87' lang='lat' dir='ltr'>iuvat</span> <span class='ocrx_word' id='word_1_66' title='bbox 491 1172 627 1233; x_wconf 86' lang='lat' dir='ltr'>indulgere</span> <span class='ocrx_word' id='word_1_67' title='bbox 640 1172 733 1231; x_wconf 84' lang='lat' dir='ltr'>dolori,</span> 
     </span>
    </p>

    <p class='ocr_par' dir='ltr' id='par_1_7' title="bbox 104 1259 798 1410">
     <span class='ocr_line' id='line_1_12' title="bbox 105 1259 798 1308; baseline 0 0"><span class='ocrx_word' id='word_1_68' title='bbox 105 1276 120 1308; x_wconf 94' lang='grc' dir='ltr'>ο</span> <span class='ocrx_word' id='word_1_69' title='bbox 134 1259 216 1308; x_wconf 85' lang='lat' dir='ltr'>dulcis</span> <span class='ocrx_word' id='word_1_70' title='bbox 230 1259 362 1308; x_wconf 86' lang='lat' dir='ltr'>coniunx?</span> <span class='ocrx_word' id='word_1_71' title='bbox 382 1274 434 1306; x_wconf 91' lang='lat' dir='ltr'>non</span> <span class='ocrx_word' id='word_1_72' title='bbox 447 1259 580 1308; x_wconf 82' lang='lat' dir='ltr'>haeceine</span> <span class='ocrx_word' id='word_1_73' title='bbox 593 1261 699 1308; x_wconf 90' lang='lat' dir='ltr'>numine</span> <span class='ocrx_word' id='word_1_74' title='bbox 712 1260 798 1308; x_wconf 87' lang='lat' dir='ltr'>divum</span> 
     </span>
     <span class='ocr_line' id='line_1_13' title="bbox 104 1347 722 1410; baseline 0 -13"><span class='ocrx_word' id='word_1_75' title='bbox 104 1349 233 1407; x_wconf 86' lang='lat' dir='ltr'>eveniunt,</span> <span class='ocrx_word' id='word_1_76' title='bbox 249 1363 296 1397; x_wconf 88' lang='lat' dir='ltr'>uec</span> <span class='ocrx_word' id='word_1_77' title='bbox 310 1356 334 1396; x_wconf 92' lang='lat' dir='ltr'>te</span> <span class='ocrx_word' id='word_1_78' title='bbox 348 1348 468 1396; x_wconf 91' lang='lat' dir='ltr'>comitem</span> <span class='ocrx_word' id='word_1_79' title='bbox 480 1356 583 1410; x_wconf 90' lang='lat' dir='ltr'>portare</span> <span class='ocrx_word' id='word_1_80' title='bbox 598 1347 722 1397; x_wconf 85' lang='lat' dir='ltr'>Creusam</span> 
     </span>
    </p>

    <p class='ocr_par' dir='ltr' id='par_1_8' title="bbox 105 1436 693 1500">
     <span class='ocr_line' id='line_1_14' title="bbox 105 1436 693 1500; baseline 0.002 -16"><span class='ocrx_word' id='word_1_81' title='bbox 105 1438 142 1484; x_wconf 85' lang='lat' dir='ltr'>sas</span> <span class='ocrx_word' id='word_1_82' title='bbox 157 1445 201 1484; x_wconf 90' lang='lat' dir='ltr'>aut</span> <span class='ocrx_word' id='word_1_83' title='bbox 212 1437 258 1485; x_wconf 91' lang='lat' dir='ltr'>ille</span> <span class='ocrx_word' id='word_1_84' title='bbox 271 1436 333 1484; x_wconf 86' lang='lat' dir='ltr'>sinit</span> <span class='ocrx_word' id='word_1_85' title='bbox 345 1437 431 1499; x_wconf 92' lang='lat' dir='ltr'>superi</span> <span class='ocrx_word' id='word_1_86' title='bbox 445 1446 566 1498; x_wconf 85' lang='lat' dir='ltr'>regnator</span> <span class='ocrx_word' id='word_1_87' title='bbox 580 1436 693 1500; x_wconf 88' lang='lat' dir='ltr'>Olympi.</span> 
     </span>
    </p>

    <p class='ocr_par' dir='ltr' id='par_1_9' title="bbox 51 1525 830 1944">
     <span class='ocr_line' id='line_1_15' title="bbox 51 1525 830 1589; baseline -0.003 -14"><span class='ocrx_word' id='word_1_88' title='bbox 51 1532 84 1575; x_wconf 82' lang='lat'>80</span> <span class='ocrx_word' id='word_1_89' title='bbox 104 1527 185 1588; x_wconf 88' lang='lat' dir='ltr'>longa</span> <span class='ocrx_word' id='word_1_90' title='bbox 197 1525 243 1573; x_wconf 90' lang='lat' dir='ltr'>tibi</span> <span class='ocrx_word' id='word_1_91' title='bbox 256 1525 344 1584; x_wconf 86' lang='lat' dir='ltr'>exilia,</span> <span class='ocrx_word' id='word_1_92' title='bbox 360 1533 385 1572; x_wconf 91' lang='lat' dir='ltr'>et</span> <span class='ocrx_word' id='word_1_93' title='bbox 395 1534 494 1573; x_wconf 85' lang='lat' dir='ltr'>vastum</span> <span class='ocrx_word' id='word_1_94' title='bbox 506 1527 583 1574; x_wconf 90' lang='lat' dir='ltr'>maris</span> <span class='ocrx_word' id='word_1_95' title='bbox 591 1527 830 1589; x_wconf 88' lang='lat' dir='ltr'>aequoraraudum.</span> 
     </span>
     <span class='ocr_line' id='line_1_16' title="bbox 104 1614 753 1678; baseline -0.002 -16"><span class='ocrx_word' id='word_1_96' title='bbox 104 1622 129 1663; x_wconf 91' lang='lat' dir='ltr'>et</span> <span class='ocrx_word' id='word_1_97' title='bbox 141 1623 236 1662; x_wconf 86' lang='lat' dir='ltr'>terram</span> <span class='ocrx_word' id='word_1_98' title='bbox 249 1614 402 1676; x_wconf 88' lang='lat' dir='ltr'>Hesperiam</span> <span class='ocrx_word' id='word_1_99' title='bbox 414 1615 509 1674; x_wconf 86' lang='lat' dir='ltr'>venies,</span> <span class='ocrx_word' id='word_1_100' title='bbox 525 1615 569 1662; x_wconf 93' lang='lat' dir='ltr'>ubi</span> <span class='ocrx_word' id='word_1_101' title='bbox 582 1616 679 1678; x_wconf 89' lang='lat' dir='ltr'>Lydius</span> <span class='ocrx_word' id='word_1_102' title='bbox 693 1631 753 1662; x_wconf 90' lang='lat' dir='ltr'>arva</span> 
     </span>
     <span class='ocr_line' id='line_1_17' title="bbox 103 1703 752 1766; baseline 0 -16"><span class='ocrx_word' id='word_1_103' title='bbox 103 1704 170 1752; x_wconf 88' lang='lat' dir='ltr'>inter</span> <span class='ocrx_word' id='word_1_104' title='bbox 184 1703 271 1765; x_wconf 83' lang='lat' dir='ltr'>opima</span> <span class='ocrx_word' id='word_1_105' title='bbox 283 1704 365 1750; x_wconf 90' lang='lat' dir='ltr'>virum</span> <span class='ocrx_word' id='word_1_106' title='bbox 378 1704 430 1751; x_wconf 90' lang='lat' dir='ltr'>leni</span> <span class='ocrx_word' id='word_1_107' title='bbox 443 1703 499 1750; x_wconf 91' lang='lat' dir='ltr'>fluit</span> <span class='ocrx_word' id='word_1_108' title='bbox 512 1705 614 1765; x_wconf 85' lang='lat' dir='ltr'>agmine</span> <span class='ocrx_word' id='word_1_109' title='bbox 627 1704 752 1766; x_wconf 88' lang='lat' dir='ltr'>Thybris:</span> 
     </span>
     <span class='ocr_line' id='line_1_18' title="bbox 103 1792 728 1854; baseline 0 -14"><span class='ocrx_word' id='word_1_110' title='bbox 103 1792 158 1840; x_wconf 92' lang='lat' dir='ltr'>illic</span> <span class='ocrx_word' id='word_1_111' title='bbox 171 1806 210 1840; x_wconf 93' lang='lat' dir='ltr'>res</span> <span class='ocrx_word' id='word_1_112' title='bbox 223 1792 306 1840; x_wconf 88' lang='lat' dir='ltr'>laetae</span> <span class='ocrx_word' id='word_1_113' title='bbox 319 1807 478 1854; x_wconf 83' lang='lat' dir='ltr'>regnumque</span> <span class='ocrx_word' id='word_1_114' title='bbox 492 1800 516 1840; x_wconf 86' lang='lat' dir='ltr'>et</span> <span class='ocrx_word' id='word_1_115' title='bbox 528 1792 600 1854; x_wconf 89' lang='lat' dir='ltr'>regia</span> <span class='ocrx_word' id='word_1_116' title='bbox 614 1794 728 1840; x_wconf 87' lang='lat' dir='ltr'>coniunx</span> 
     </span>
     <span class='ocr_line' id='line_1_19' title="bbox 103 1880 734 1944; baseline 0 -16"><span class='ocrx_word' id='word_1_117' title='bbox 103 1887 178 1944; x_wconf 89' lang='lat' dir='ltr'>parta</span> <span class='ocrx_word' id='word_1_118' title='bbox 190 1880 252 1940; x_wconf 84' lang='lat' dir='ltr'>tibi3</span> <span class='ocrx_word' id='word_1_119' title='bbox 273 1881 393 1929; x_wconf 85' lang='lat' dir='ltr'>lacrimas</span> <span class='ocrx_word' id='word_1_120' title='bbox 407 1881 516 1928; x_wconf 88' lang='lat' dir='ltr'>dilectae</span> <span class='ocrx_word' id='word_1_121' title='bbox 529 1882 597 1942; x_wconf 89' lang='lat' dir='ltr'>pelle</span> <span class='ocrx_word' id='word_1_122' title='bbox 612 1880 734 1930; x_wconf 87' lang='lat' dir='ltr'>Creusae.</span> 
     </span>
    </p>

    <p class='ocr_par' dir='ltr' id='par_1_10' title="bbox 49 1969 833 2298">
     <span class='ocr_line' id='line_1_20' title="bbox 49 1969 833 2033; baseline 0 -16"><span class='ocrx_word' id='word_1_123' title='bbox 49 1975 82 2017; x_wconf 77' lang='lat'>85</span> <span class='ocrx_word' id='word_1_124' title='bbox 103 1984 156 2017; x_wconf 90' lang='lat' dir='ltr'>non</span> <span class='ocrx_word' id='word_1_125' title='bbox 170 1984 218 2032; x_wconf 85' lang='lat' dir='ltr'>ego</span> <span class='ocrx_word' id='word_1_126' title='bbox 231 1970 425 2032; x_wconf 84' lang='lat' dir='ltr'>Myrmidonum</span> <span class='ocrx_word' id='word_1_127' title='bbox 442 1971 515 2018; x_wconf 87' lang='lat' dir='ltr'>sedes</span> <span class='ocrx_word' id='word_1_128' title='bbox 527 1969 692 2032; x_wconf 88' lang='lat' dir='ltr'>Dolopumve</span> <span class='ocrx_word' id='word_1_129' title='bbox 710 1971 833 2033; x_wconf 89' lang='lat' dir='ltr'>superbas</span> 
     </span>
     <span class='ocr_line' id='line_1_21' title="bbox 103 2057 711 2121; baseline 0.002 -16"><span class='ocrx_word' id='word_1_130' title='bbox 103 2058 228 2121; x_wconf 86' lang='lat' dir='ltr'>aspiciam</span> <span class='ocrx_word' id='word_1_131' title='bbox 242 2066 286 2106; x_wconf 92' lang='lat' dir='ltr'>aut</span> <span class='ocrx_word' id='word_1_132' title='bbox 299 2057 374 2107; x_wconf 88' lang='lat' dir='ltr'>Grais</span> <span class='ocrx_word' id='word_1_133' title='bbox 388 2059 508 2107; x_wconf 87' lang='lat' dir='ltr'>servitum</span> <span class='ocrx_word' id='word_1_134' title='bbox 521 2058 645 2106; x_wconf 88' lang='lat' dir='ltr'>matribus</span> <span class='ocrx_word' id='word_1_135' title='bbox 658 2059 711 2117; x_wconf 87' lang='lat' dir='ltr'>ibo,</span> 
     </span>
     <span class='ocr_line' id='line_1_22' title="bbox 102 2147 587 2207; baseline 0.004 -13"><span class='ocrx_word' id='word_1_136' title='bbox 102 2147 233 2195; x_wconf 86' lang='lat' dir='ltr'>Dardanis</span> <span class='ocrx_word' id='word_1_137' title='bbox 248 2155 272 2195; x_wconf 89' lang='lat' dir='ltr'>et</span> <span class='ocrx_word' id='word_1_138' title='bbox 285 2148 358 2196; x_wconf 91' lang='lat' dir='ltr'>divae</span> <span class='ocrx_word' id='word_1_139' title='bbox 370 2147 478 2196; x_wconf 89' lang='lat' dir='ltr'>Veneris</span> <span class='ocrx_word' id='word_1_140' title='bbox 493 2163 571 2196; x_wconf 92' lang='lat' dir='ltr'>nurus</span> <span class='ocrx_word' id='word_1_141' title='bbox 582 2165 587 2207; x_wconf 80' lang='lat'>3</span> 
     </span>
     <span class='ocr_line' id='line_1_23' title="bbox 102 2237 763 2298; baseline -0.002 -14"><span class='ocrx_word' id='word_1_142' title='bbox 102 2237 147 2284; x_wconf 88' lang='lat' dir='ltr'>sed</span> <span class='ocrx_word' id='word_1_143' title='bbox 160 2251 201 2284; x_wconf 90' lang='lat' dir='ltr'>me</span> <span class='ocrx_word' id='word_1_144' title='bbox 213 2251 309 2298; x_wconf 87' lang='lat' dir='ltr'>magna</span> <span class='ocrx_word' id='word_1_145' title='bbox 322 2237 398 2285; x_wconf 89' lang='lat' dir='ltr'>deum</span> <span class='ocrx_word' id='word_1_146' title='bbox 410 2238 528 2298; x_wconf 86' lang='lat' dir='ltr'>genetrix</span> <span class='ocrx_word' id='word_1_147' title='bbox 540 2237 580 2285; x_wconf 89' lang='lat' dir='ltr'>his</span> <span class='ocrx_word' id='word_1_148' title='bbox 594 2237 690 2285; x_wconf 88' lang='lat' dir='ltr'>detinet</span> <span class='ocrx_word' id='word_1_149' title='bbox 703 2238 763 2284; x_wconf 90' lang='lat' dir='ltr'>oris.</span> 
     </span>
    </p>
   </div>
   <div class='ocr_carea' id='block_1_3' title="bbox 49 2317 832 2736">
    <p class='ocr_par' dir='ltr' id='par_1_11' title="bbox 49 2317 832 2736">
     <span class='ocr_line' id='line_1_24' title="bbox 102 2317 767 2387; baseline 0.002 -16"><span class='ocrx_word' id='word_1_150' title='bbox 102 2325 205 2387; x_wconf 90' lang='lat' dir='ltr'>iamque</span> <span class='ocrx_word' id='word_1_151' title='bbox 218 2326 275 2373; x_wconf 88' lang='lat' dir='ltr'>vale</span> <span class='ocrx_word' id='word_1_152' title='bbox 288 2332 313 2374; x_wconf 90' lang='lat' dir='ltr'>et</span> <span class='ocrx_word' id='word_1_153' title='bbox 326 2326 378 2373; x_wconf 89' lang='lat' dir='ltr'>nati</span> <span class='ocrx_word' id='word_1_154' title='bbox 392 2340 464 2374; x_wconf 89' lang='lat' dir='ltr'>serva</span> <span class='ocrx_word' id='word_1_155' title='bbox 477 2326 620 2374; x_wconf 88' lang='lat' dir='ltr'>communis</span> <span class='ocrx_word' id='word_1_156' title='bbox 634 2317 767 2373; x_wconf 85' lang='lat' dir='ltr'>amorem&#39;</span> 
     </span>
     <span class='ocr_line' id='line_1_25' title="bbox 49 2412 832 2473; baseline -0.001 -12"><span class='ocrx_word' id='word_1_157' title='bbox 49 2419 82 2461; x_wconf 81' lang='lat'>90</span> <span class='ocrx_word' id='word_1_158' title='bbox 102 2412 167 2462; x_wconf 87' lang='lat' dir='ltr'>haec</span> <span class='ocrx_word' id='word_1_159' title='bbox 180 2414 223 2461; x_wconf 91' lang='lat' dir='ltr'>ubi</span> <span class='ocrx_word' id='word_1_160' title='bbox 238 2414 307 2462; x_wconf 91' lang='lat' dir='ltr'>dicta</span> <span class='ocrx_word' id='word_1_161' title='bbox 321 2415 403 2473; x_wconf 85' lang='lat' dir='ltr'>dedit,</span> <span class='ocrx_word' id='word_1_162' title='bbox 423 2415 601 2463; x_wconf 86' lang='lat' dir='ltr'>lacrimantem</span> <span class='ocrx_word' id='word_1_163' title='bbox 614 2422 640 2463; x_wconf 88' lang='lat' dir='ltr'>et</span> <span class='ocrx_word' id='word_1_164' title='bbox 652 2415 733 2462; x_wconf 88' lang='lat' dir='ltr'>multa</span> <span class='ocrx_word' id='word_1_165' title='bbox 745 2415 832 2462; x_wconf 87' lang='lat' dir='ltr'>volen-</span> 
     </span>
     <span class='ocr_line' id='line_1_26' title="bbox 399 2511 449 2550; baseline 0.02 -1"><span class='ocrx_word' id='word_1_166' title='bbox 399 2511 449 2550; x_wconf 75' lang='lat' dir='ltr'>tem</span> 
     </span>
     <span class='ocr_line' id='line_1_27' title="bbox 102 2589 719 2653; baseline 0.002 -16"><span class='ocrx_word' id='word_1_167' title='bbox 102 2589 188 2638; x_wconf 90' lang='lat' dir='ltr'>dicere</span> <span class='ocrx_word' id='word_1_168' title='bbox 202 2591 314 2639; x_wconf 88' lang='lat' dir='ltr'>deseruit</span> <span class='ocrx_word' id='word_1_169' title='bbox 327 2591 462 2653; x_wconf 89' lang='lat' dir='ltr'>tenuisque</span> <span class='ocrx_word' id='word_1_170' title='bbox 475 2592 580 2639; x_wconf 90' lang='lat' dir='ltr'>recessit</span> <span class='ocrx_word' id='word_1_171' title='bbox 592 2592 619 2639; x_wconf 92' lang='lat' dir='ltr'>in</span> <span class='ocrx_word' id='word_1_172' title='bbox 633 2606 719 2639; x_wconf 84' lang='lat' dir='ltr'>auras.</span> 
     </span>
     <span class='ocr_line' id='line_1_28' title="bbox 102 2679 744 2736; baseline 0.003 -11"><span class='ocrx_word' id='word_1_173' title='bbox 102 2685 141 2726; x_wconf 88' lang='lat' dir='ltr'>ter</span> <span class='ocrx_word' id='word_1_174' title='bbox 153 2685 261 2727; x_wconf 86' lang='lat' dir='ltr'>conatus</span> <span class='ocrx_word' id='word_1_175' title='bbox 273 2679 308 2727; x_wconf 90' lang='lat' dir='ltr'>ibi</span> <span class='ocrx_word' id='word_1_176' title='bbox 323 2679 391 2728; x_wconf 90' lang='lat' dir='ltr'>collo</span> <span class='ocrx_word' id='word_1_177' title='bbox 405 2679 469 2730; x_wconf 86' lang='lat' dir='ltr'>dare</span> <span class='ocrx_word' id='word_1_178' title='bbox 481 2679 613 2731; x_wconf 80' lang='lat' dir='ltr'>bracchia</span> <span class='ocrx_word' id='word_1_179' title='bbox 625 2680 744 2736; x_wconf 66' lang='lat' dir='ltr'>circum,</span> 
     </span>
    </p>
   </div>
   <div class='ocr_carea' id='block_1_4' title="bbox 0 0 912 2956">
    <p class='ocr_par' dir='ltr' id='par_1_12' title="bbox 0 0 912 2956">
     <span class='ocr_line' id='line_1_29' title="bbox 0 0 912 2956; baseline 0 8"><span class='ocrx_word' id='word_1_180' title='bbox 0 0 912 2956; x_wconf 95' lang='lat' dir='ltr'> </span> 
     </span>
    </p>
   </div>
  </div>
 </body>
</html>
