1816 2956
77 188 139 235 244
317 198 344 236 Ρ.
361 195 483 236 VERGILI
501 195 632 235 MARONIS

147 369 224 418 quem
236 353 315 402 metui
329 352 471 401 moritura?
491 352 559 401 faces
572 353 599 400 in
613 359 698 401 eastra
710 353 826 402 tulissem

76 450 126 493 605
146 445 336 507 inplessemque
355 441 425 489 foros
438 441 547 489 flammis
564 450 705 505 natumque
722 447 874 506 patremque

147 547 206 582 eum
212 544 307 594 genere
315 530 454 589 extinxem‚
470 537 564 580 memet
576 545 652 593 super
663 530 720 594 ipsu
734 531 870 580 dedissem.

146 618 202 679 sol,
218 619 261 682 qui
274 626 399 668 terrarum
410 619 520 667 flammis
533 634 613 683 opera
626 620 716 667 omnia
727 620 829 678 lustras,

71 741 74 748 -
146 716 226 772 tuque
238 707 330 756 harum
342 708 467 770 interpres
481 723 600 756 curarum
612 715 638 757 et
651 708 755 757 conscia
766 708 842 768 Iuno,

146 797 331 860 nocturnisque
344 795 441 845 Hecate
453 797 533 845 triviis
546 798 646 845 ululata
658 812 703 860 per
715 797 801 855 urbes,

76 892 127 936 610
146 893 172 936 et
184 886 256 935 dirae
268 886 380 945 ultrices,
397 891 422 934 et
434 885 459 933 di
472 886 606 935 morientis
618 886 727 944 Elissae,

147 974 256 1038 accipite
268 974 333 1023 haec
345 973 516 1037 meritumque
528 975 604 1023 malis
618 975 741 1022 advertite
753 988 851 1023 numen

146 1070 172 1113 et
183 1069 285 1111 nostras
299 1064 385 1112 audite
397 1078 495 1126 preces.
523 1064 544 1112 si
558 1071 664 1125 tangere
676 1071 765 1126 portus
827 1129 829 1132 Α

145 1153 281 1200 infandum
295 1161 373 1216 caput
385 1168 415 1201 ac
428 1153 501 1201 terris
515 1153 611 1201 adnare
624 1159 753 1201 necessest

147 1242 222 1290 etsie
234 1240 368 1291 fatalovis
381 1248 500 1304 poscunt,
516 1241 558 1290 hic
571 1242 695 1290 terminus
709 1241 811 1289 haeret:

75 1334 126 1379 615
146 1336 173 1378 at
184 1329 254 1378 bello
268 1331 374 1380 audacis
387 1329 476 1393 populi
490 1336 597 1378 vexatus
610 1336 636 1378 et
647 1330 734 1390 armis,

145 1418 240 1466 finibus
253 1419 370 1478 extorris,
387 1419 516 1481 conplexu
529 1419 630 1466 avolsus
643 1418 703 1477 Iuli,

146 1506 273 1555 auxilium
285 1507 397 1571 inploret
408 1507 545 1570 videatque
557 1507 666 1568 indigna
678 1521 784 1554 sucrum

146 1595 246 1655 funera,
261 1610 318 1654 nec,
334 1610 393 1644 cum
405 1610 432 1644 se
445 1595 492 1644 sub
506 1597 576 1657 leges
589 1596 660 1659 pacis
673 1596 778 1658 iniquae

146 1684 288 1743 tradiderit,
304 1699 385 1746 regno
399 1691 444 1733 aut
456 1691 545 1747 optata
557 1686 615 1733 luce
628 1685 735 1744 truatur,

75 1776 127 1820 620
146 1773 191 1820 sed
205 1773 281 1821 cadat
294 1780 353 1821 ante
367 1773 435 1842 diem
447 1773 584 1836 mediaque
597 1773 745 1822 inhumatus
763 1773 870 1822 harena.

145 1861 210 1910 haec
222 1876 322 1924 precor,
338 1862 406 1910 hauc
418 1876 508 1910 vocem
521 1869 661 1910 extremum
674 1877 733 1910 cum
746 1865 874 1925 sartguine

446 1949 536 1998 fundo.

146 2045 200 2085 tum
212 2053 266 2098 vos,
283 2053 298 2085 0
311 2038 397 2100 Tyrii,
419 2039 523 2101 stirpem
537 2046 562 2087 et
574 2053 655 2101 genus
669 2053 745 2088 omne
758 2039 874 2089 futurum

146 2133 263 2176 exercete
276 2127 342 2174 odiis
356 2127 487 2190 cinerique
499 2127 564 2176 haec
577 2129 670 2176 mittite
683 2136 772 2176 nostro

145 2228 261 2263 munera.
288 2215 375 2262 nullus
395 2230 467 2263 amor
485 2217 588 2279 populis
606 2231 654 2265 nec
667 2217 772 2266 foedera
785 2227 872 2267 eunte.

75 2308 126 2352 625
147 2304 264 2352 exoriare
277 2303 371 2364 aliquis
385 2305 478 2352 nostris
493 2320 524 2354 ex
538 2306 637 2353 ossibus
650 2307 719 2353 ultor

146 2393 190 2456 qui
204 2393 260 2441 face
272 2391 420 2440 Dardanios
435 2393 553 2456 ferroque
566 2409 674 2457 sequere
688 2394 806 2453 colonos,

145 2495 230 2541 nunc,
246 2481 323 2540 oiim,
340 2496 503 2544 quocumque
517 2483 615 2531 dabunt
628 2498 655 2532 se
668 2490 784 2546 tempore
799 2486 871 2534 vires.

145 2569 224 2618 litora
236 2570 354 2618 litoribus
367 2572 505 2630 contraria,
521 2571 640 2620 fluetibus
653 2572 736 2620 undas

136 2659 271 2723 inprecor,
282 2661 456 2722 armaarmis3
468 2660 689 2725 pugnentipsique
696 2653 875 2726 nepotesque.³
