1816 2956
47 108 104 154 178
282 117 308 156 r.
325 91 447 156 vaaoim
467 117 598 157 lannoius

40 279 90 322 485
112 282 276 336 armatosque
288 274 375 322 vident
389 280 485 322 stantes
498 273 525 321 in
539 274 628 322 limine
641 275 733 337 primo.

147 363 183 410 At
196 363 287 410 domus
299 363 407 411 interior
419 362 516 424 gemitu
530 363 676 426 miseroque
689 366 803 414 tumultu

112 451 233 499 miscetur
246 451 399 514 penitusque
412 465 489 500 cavae
502 451 671 513 plangoribus
684 454 762 502 aedes

26 539 28 542 ’
111 539 229 587 femineis
243 540 353 599 ululant,
369 540 427 588 ferit
440 554 517 588 aurea
531 539 616 589 sidera
628 541 735 589 clamor.

111 634 166 676 tum
178 628 288 690 pavidae
301 629 374 677 tectis
387 636 481 676 matres
493 628 641 690 ingentibus
656 638 743 678 errant

40 722 92 765 490
112 717 299 780 amplexaeque
312 725 400 766 tenent
412 724 497 780 postes
511 723 588 779 atque
601 719 691 766 oscula
704 719 796 780 figunt.

110 806 190 854 instat
202 806 226 853 vi
240 807 324 868 patria
336 806 464 868 Pyrrhus:
486 821 533 854 nec
547 807 660 855 claustra
673 822 757 870 neque
770 809 819 871 ipsi

111 894 230 942 custodes
244 895 351 943 sufferre
363 895 465 954 valent3
486 894 558 943 labat
571 895 649 944 ariete
663 895 753 944 crebro

109 984 188 1032 ianua
202 990 226 1031 et
239 984 316 1032 emoti
330 983 502 1046 procumbunt
516 984 620 1032 cardine
633 992 729 1047 postes,

111 1073 139 1120 lit
151 1072 192 1120 via
204 1072 237 1132 vi,
253 1078 376 1134 rumpunt
388 1071 472 1120 aditus
485 1071 634 1134 primosque
647 1074 780 1122 trucidant

39 1165 90 1208 495
111 1161 209 1208 inmissi
222 1160 309 1209 Danai
324 1167 349 1208 et
361 1161 413 1208 late
425 1161 484 1209 loca
498 1161 578 1208 milite
592 1163 723 1224 conplent.

111 1264 162 1297 non
177 1249 213 1298 sic
227 1249 364 1311 aggeribus
378 1249 459 1311 ruptis
473 1264 531 1296 cum
545 1265 665 1312 spumeus
678 1251 762 1300 amnis

112 1337 165 1386 exit
177 1338 361 1401 oppositasque
374 1338 449 1385 evicit
460 1339 562 1400 gurgite
575 1340 667 1399 moles,

110 1425 191 1474 fertur
202 1427 229 1473 in
243 1442 304 1476 arva
317 1426 403 1474 furens
416 1427 520 1474 cumulo
532 1442 689 1490 camposque
700 1443 747 1491 per
758 1430 843 1477 omnis

110 1530 169 1563 cum
182 1516 289 1563 stabulis
302 1522 420 1564 armenta
432 1515 518 1562 trahit.
545 1516 597 1563 vidi
611 1516 666 1578 ipse
679 1516 808 1566 fruentem

41 1609 92 1652 500
112 1603 396 1666 caedeNeoptolcmum
408 1604 577 1666 geminosque
587 1605 614 1651 in
627 1604 716 1652 limine
724 1605 840 1664 AtridaS,

111 1694 162 1740 vidi
176 1691 308 1740 Hecubam
328 1698 482 1754 centumque
501 1708 580 1740 nurus
594 1693 779 1756 Priamumque
798 1710 844 1759 per

413 1796 471 1829 aras

53 1893 57 1900 ·
111 1869 237 1931 sanguine
250 1869 398 1917 foedantem
412 1885 476 1932 quos
490 1870 546 1933 ipse
559 1878 705 1919 sacraverat
717 1871 796 1932 ignis.

111 1958 300 2020 quinquaginta
312 1958 352 2005 illi
366 1959 482 2017 thalami,
498 1974 555 2020 spes
569 1965 642 2007 tanta
655 1967 789 2022 nepotum,

111 2046 246 2094 barbarico
260 2054 346 2109 postes
361 2062 424 2094 auro
438 2047 579 2110 spoliisque
593 2048 705 2110 superbi,

42 2140 90 2183 505
111 2134 287 2197 procubuere3
307 2142 395 2184 tenent
407 2136 493 2184 Danai
507 2152 558 2198 qua
572 2136 658 2184 deficit
670 2137 747 2198 ignis.

146 2223 265 2272 Forsitan
279 2232 304 2272 et
315 2224 412 2273 Priami
426 2225 520 2273 fuerint
534 2240 600 2286 quae
612 2225 666 2273 fata
679 2226 807 2287 requiras.

111 2313 180 2360 urbis
193 2313 230 2360 uti
245 2321 335 2375 captae
348 2327 437 2360 casum
450 2314 625 2376 convolsaque
638 2314 702 2361 vidit

112 2402 202 2450 limina
214 2408 339 2449 tectorum
351 2408 376 2448 et
387 2401 500 2449 medium
513 2402 539 2449 in
547 2403 721 2465 penetralibus
729 2403 840 2462 hostem,
868 2380 872 2384 ι

112 2505 184 2539 arma
198 2490 242 2537 diu
255 2490 341 2537 senior·
354 2489 459 2537 desueta
472 2491 639 2539 trementibus
652 2506 716 2540 aevo

29 2583 86 2625 510
105 2579 253 2629 circumdat
265 2578 426 2644 nequiquam
439 2579 534 2627 umeris
546 2587 572 2628 et
583 2579 674 2626 inutile
688 2579 784 2628 ferrum

875 308 878 337 l
