1816 2956
62 175 118 222 156
296 184 321 223 Ρ.
339 183 460 224 VERGILI
480 184 612 224 MARONIS

53 393 58 405 Ι
127 341 226 389 Idaliae
239 341 320 399 lucos,
336 341 379 388 ubi
393 341 478 389 mollis
492 356 625 390 amaracus
639 341 714 389 illum

127 429 233 478 floribus
246 436 271 478 et
284 431 352 478 dulei
367 431 501 492 adspirans
515 431 686 493 conplectitur
699 430 799 478 umbra.

57 524 107 567 695
127 520 230 581 iamque
243 518 297 567 ibat
310 519 379 567 dieto
393 534 485 581 parens
499 526 524 567 et
536 520 606 567 dona
619 517 721 581 Cupido

128 607 199 669 regia
211 606 332 670 portabat
344 608 438 670 Tyriis,
447 609 518 675 ⁴duee
532 608 614 656 laetus
628 607 737 656 Achate.

129 711 187 744 cum
200 695 276 753 veuit,
292 696 389 744 aulaeis
402 696 454 744 iam
467 711 493 744 se
506 697 597 758 regina
609 697 725 760 superbis

129 800 207 833 aurea
220 785 358 846 conposuit
369 787 470 849 sponda
482 786 645 848 mediamque
659 786 762 845 locavit,

128 875 180 923 iam
194 881 266 938 pater
278 874 381 922 Aeneas
395 882 420 922 et
432 875 485 923 iam
498 874 613 922 Troiana
625 875 743 922 iuventus

59 969 109 1014 700
129 963 285 1012 eanveuiunt
298 970 430 1026 stratoque
443 979 519 1027 super
532 963 702 1012 discumbitur
715 970 794 1012 ostro.

129 1055 191 1100 alant
202 1052 321 1100 manibus
333 1052 423 1100 famuli
432 1053 549 1116 lymphas
559 1051 731 1115 Cereremque
738 1052 856 1101 canistris

128 1142 268 1205 expediunt
281 1141 413 1203 tonsisque
427 1143 511 1189 serunt
523 1142 648 1190 mantelia
660 1142 736 1190 villis.

129 1231 319 1294 quinquaginta
331 1231 399 1277 intus
413 1231 526 1278 famulae
540 1230 632 1293 quihus
647 1231 736 1278 ordine
750 1231 857 1293 longam

129 1335 191 1368 eura
203 1335 298 1382 penum
311 1327 408 1367 struere
421 1328 446 1367 et
458 1320 566 1367 flammis
581 1321 685 1368 adolere
698 1327 813 1382 penates,

60 1413 108 1458 705
130 1416 232 1457 eentum
245 1409 312 1457 aliae
325 1409 484 1471 totidemque
496 1423 571 1471 pares
584 1417 667 1457 aetate
680 1409 791 1456 ministri

131 1497 175 1560 qui
188 1497 296 1560 dapibus
309 1513 411 1546 mensas
425 1505 532 1545 onerent
545 1504 570 1545 et
582 1499 676 1560 poeula
689 1504 796 1560 ponant.

130 1601 177 1634 nec
190 1601 243 1633 non
257 1594 282 1635 et
295 1587 365 1650 Tyrii
380 1602 424 1650 per
438 1587 528 1634 limina
541 1588 610 1635 laeta
623 1586 769 1648 frequentes

131 1690 281 1734 convenere,
297 1676 359 1723 toris
373 1676 434 1722 iussi
449 1676 609 1724 discumbere
623 1675 706 1738 pictis.

130 1764 255 1812 mirantur
269 1764 338 1811 dona
350 1765 463 1824 Aeneae,
480 1765 606 1812 mirantur
618 1764 705 1811 Iulum

62 1858 110 1901 710
130 1853 316 1915 flagrantisque
330 1853 369 1900 dei
384 1855 466 1901 voltus
480 1854 651 1915 simulataque
665 1853 742 1901 verba

131 1943 279 2004 pallamque
293 1949 318 1990 et
330 1941 426 2004 pictum
441 1957 532 1990 eroeeo
546 1944 662 1990 velamen
676 1941 796 1990 acantho.

131 2031 268 2092 praecipue
281 2031 380 2088 infelix,
396 2032 460 2094 pesti
475 2033 567 2080 devota
580 2033 689 2090 laturae,

131 2119 227 2181 expleri
242 2127 353 2168 mentem
365 2121 455 2183 nequit
468 2121 628 2182 ardescitque
642 2120 737 2167 tuendo

130 2208 273 2256 Phoenissa
286 2216 311 2256 et
323 2210 418 2271 pariter
431 2225 510 2272 puero
526 2210 651 2272 donisque
665 2217 788 2257 movetur.

62 2302 110 2346 715
131 2297 176 2345 ille
190 2296 232 2344 ubi
247 2298 376 2360 conplexu
389 2299 493 2347 Aeneae
507 2300 629 2361 colloque
642 2299 765 2361 pependit

131 2395 156 2434 et
168 2401 291 2447 magnum
304 2386 362 2434 falsi
376 2387 482 2450 inplevit
495 2388 618 2448 genitoris
632 2402 755 2445 amorem,

131 2476 247 2538 reginam
260 2476 331 2538 petit.
360 2475 424 2524 haec
437 2476 528 2534 oeulis,
544 2476 608 2524 haee
621 2485 724 2538 pectore
738 2483 792 2522 toto

131 2566 219 2612 haeret
231 2571 256 2612 et
268 2564 398 2612 interdum
410 2565 509 2626 gremio
524 2565 592 2613 soret
605 2565 687 2613 inscia
699 2566 769 2612 llido

132 2653 243 2702 insideat
256 2660 367 2716 quantus
381 2654 489 2702 miserae
502 2655 573 2702 deus.
601 2661 628 2703 at
640 2669 739 2702 memor
751 2655 797 2703 ille
