1816 2956
297 197 445 237 AENEIDOS
464 197 552 236 LIBER
570 197 610 236 VI·
789 188 821 235 3]
836 187 847 232 l

126 357 231 404 floribus
245 355 361 402 insidunt
374 354 449 401 variis
463 361 488 402 et
502 354 613 402 candida
626 354 722 401 circum

126 446 183 494 lilia
196 445 347 502 funduntur,
363 443 452 506 strepit
465 443 548 490 omnis
562 458 691 491 murmure
705 457 819 506 campus.

56 539 107 584 710
126 534 252 582 horrescit
264 533 319 580 visu
333 531 417 579 subito
432 546 573 593 causasque
586 532 695 595 requirit

126 623 222 671 inscius
235 623 337 670 Aeneas
352 635 418 683 quae
431 620 482 668 sint
495 635 526 668 ea
538 620 645 669 flumina
657 635 743 684 porro,

127 711 201 774 quive
215 710 261 757 viri
275 717 348 758 tanto
362 710 507 772 conplerint
519 709 623 770 agmine
635 710 714 772 ripas.

126 808 181 847 tum
193 807 266 862 pater
278 799 405 847 Anchises
415 787 528 846 ‘animae
542 797 634 861 quibus
649 799 729 846 altera
742 798 795 846 sato

126 903 235 950 corpora
249 887 374 936 debentur
387 887 494 935 Lethaei
508 888 539 934 ad
553 887 666 934 fluminis
679 887 776 934 undam

55 980 105 1025 715
126 991 229 1024 securos
244 977 332 1024 latices
346 983 371 1024 ct
389 977 470 1037 longa
483 975 579 1023 oblivia
591 982 691 1039 potant.

126 1065 172 1112 has
181 1064 301 1127 equidem
308 1079 451 1112 memorare
459 1064 505 1112 tibi
517 1072 594 1126 atque
607 1064 742 1112 ostendere
754 1079 850 1123 coram,

126 1153 355 1215 iampridemhanc
367 1153 468 1215 prolem
476 1153 552 1215 cupio
565 1167 715 1201 enumerare
726 1168 850 1211 meorum,

126 1257 177 1305 quo
191 1241 274 1303 magis
287 1241 364 1290 Italia
376 1256 478 1289 mecum
491 1243 586 1289 lactere
598 1235 717 1304 reperta.'

121 1320 149 1378 ‘o
162 1339 250 1394 pater,
272 1345 339 1379 anne
358 1331 458 1393 aliquas
472 1330 505 1377 ad
523 1331 623 1378 caelum
637 1331 698 1379 hinc
711 1331 747 1378 ire
760 1339 852 1393 putau-

427 1420 513 1466 dumst

55 1512 106 1557 720
126 1509 249 1556 sublimes
263 1509 362 1556 animas
376 1509 520 1571 iterumque
534 1508 566 1554 ad
581 1508 654 1555 tarda
666 1507 757 1555 reverti

125 1598 252 1660 corpora?
271 1613 338 1659 quae
351 1598 415 1645 lucis
429 1597 529 1644 miseris
542 1603 595 1644 tam
609 1597 665 1644 dira
678 1589 799 1659 cupido?

123 1675 218 1733 ‘dicam
232 1687 352 1747 equidem
365 1694 449 1734 necte
463 1700 624 1748 suspensum,
640 1692 709 1743 nate,
725 1677 823 1733 teneho'

124 1774 233 1836 succipit
245 1773 373 1821 Anchises
387 1781 464 1836 atque
478 1775 568 1822 ordine
582 1774 685 1835 singula
697 1772 796 1836 pandit.

157 1853 300 1924 ‘Principio
309 1862 409 1910 caelum
423 1877 452 1910 ac
466 1871 546 1910 terras
560 1876 717 1925 camposque
730 1862 851 1925 liquentis

54 1954 104 1999 725
125 1951 307 2011 lucentemque
320 1949 427 2010 globum
442 1951 519 1999 lunae
533 1950 688 2012 Titaniaque
701 1957 770 1999 astra

125 2039 229 2100 spiritus
242 2038 311 2085 intus
325 2039 371 2085 alit
385 2046 516 2100 totamque
529 2038 616 2086 infusa
628 2054 673 2101 per
686 2046 756 2088 artus

124 2142 196 2175 mens
210 2127 292 2188 agitat
304 2129 399 2175 molem
413 2134 438 2176 et
449 2142 545 2189 magno
558 2143 585 2175 se
599 2141 707 2189 corpore
720 2127 818 2177 miscet.

123 2216 184 2264 inde
203 2216 337 2264 hominum
362 2216 542 2278 pecudumque
565 2231 646 2278 genus
671 2216 789 2280 vitaeque
808 2233 851 2266 vo-

425 2305 524 2352 lantum

124 2402 149 2442 et
156 2409 222 2456 quae
231 2408 375 2441 marmoreo
384 2393 432 2441 fert
439 2401 554 2442 monstra
561 2393 608 2442 sub
622 2409 733 2457 aequore
744 2404 847 2457 pontus.

54 2487 105 2532 tao
124 2484 215 2544 igneus
229 2492 267 2530 est
280 2483 339 2530 ollis
358 2483 431 2544 vigor
449 2489 473 2530 et
487 2484 602 2532 caelestis
616 2484 690 2545 origo

124 2572 272 2630 seminibus,
289 2579 414 2634 quantum
428 2586 480 2618 non
493 2572 572 2620 noxia
586 2586 695 2634 corpora
707 2573 810 2620 tardant

124 2661 269 2722 terrenique
283 2661 404 2708 hebetant
422 2669 491 2708 artus
504 2660 720 2721 moribundaque
728 2660 867 2705 mmm.
