1816 2956
326 470 478 546 ncnoon
498 472 534 524 11.

371 628 489 666 Annxls.

103 804 257 852 Formosum
269 809 358 865 pastor
371 800 492 864 Corydon
506 802 613 851 ardebat
624 804 738 864 Alexim,

104 893 211 940 delicias
225 891 332 949 domini,
348 905 396 939 nee
409 891 471 953 quid
484 899 599 953 speraret
610 892 731 941 habebat

103 988 204 1028 tanturn
217 980 283 1028 inter
296 980 397 1039 densas,
413 979 534 1027 umbrosa
547 981 690 1039 cacumina,
705 982 778 1044 fagos

104 1068 212 1116 adsidue
225 1068 351 1116 veniebat.
379 1068 414 1115 ibi
427 1068 492 1116 haec
504 1069 639 1117 incondita
651 1071 723 1118 solus

70 1162 83 1205 5
103 1156 235 1203 montibus
248 1163 274 1204 et
286 1156 355 1204 silvis
369 1156 454 1204 studio
467 1156 580 1204 iactabat
592 1157 673 1205 inani.

137 1235 172 1292 ‘0
186 1245 297 1293 crudelis
311 1245 397 1303 Alexi,
413 1244 477 1292 nihil
491 1259 549 1292 mea
562 1246 677 1293 carmina
690 1247 782 1294 ouras?

104 1332 142 1382 nil
155 1333 236 1380 nostri
249 1333 387 1381 miserere?
406 1333 472 1381 mori
485 1347 526 1381 me
540 1334 651 1396 deniqne
665 1348 750 1396 coges.

103 1436 175 1469 nune
187 1421 265 1469 etiam
277 1422 389 1484 pecudes
402 1421 505 1468 umbras
519 1432 544 1469 et
557 1422 653 1484 frigora
666 1431 779 1485 captant,

105 1524 174 1558 nuno
187 1511 273 1557 viridis
287 1511 364 1558 etiam
378 1511 509 1559 occultant
521 1511 621 1572 spineta
635 1513 752 1569 lacertos,

57 1604 84 1647 10
104 1598 234 1661 Thestylis
248 1606 273 1646 et
285 1600 376 1662 rapido
389 1599 462 1646 sessis
475 1600 631 1648 messoribus
645 1608 716 1648 aestu

105 1688 158 1735 alia
171 1687 364 1749 serpullumque
377 1687 469 1735 herbas
483 1689 618 1736 contundit
631 1688 733 1737 olentis.

105 1784 132 1823 at
145 1790 246 1824 mecum
258 1776 352 1834 raucis,
368 1783 413 1823 tua
425 1777 487 1824 dum
500 1777 608 1838 vestigia
620 1778 710 1836 lustro,

104 1865 160 1912 sole
172 1864 224 1912 sub‘
234 1864 333 1913 ardenti
346 1872 469 1912 resonant
481 1865 585 1913 arbusta
599 1865 703 1914 cicadis.

104 1967 193 2001 nonne
205 1952 254 2000 fuit
266 1953 346 1999 satius
360 1953 438 2000 tristis
450 1954 618 2016 Amaryllidis
632 1955 683 2001 iras

57 2045 84 2089 15
105 2047 183 2103 atque
195 2040 307 2103 superba
319 2040 371 2103 pali
385 2040 507 2089 fastidia?
527 2056 613 2089 nonne
626 2042 772 2099 Menalcan,

105 2129 222 2191 ‘quamvis
235 2129 279 2177 ille
293 2129 374 2190 niger,
391 2130 506 2191 quamvis
520 2138 547 2178 tu
561 2131 685 2178 candidus
699 2130 784 2178 esses?

105 2231 121 2264 o
133 2216 247 2265 formose
259 2232 330 2280 puer,
346 2217 454 2265 nimium
468 2233 500 2266 no
514 2219 588 2266 crede
602 2219 698 2266 colori:

105 2306 166 2354 alba
178 2306 288 2367 ligustra
301 2306 404 2364 eadunt,
419 2306 535 2354 vaccinia
548 2307 622 2368 nigra
635 2307 764 2367 leguntur.

105 2395 240 2457 despectus
253 2394 298 2442 tibi
312 2409 369 2442 sum
382 2409 429 2443 nec
442 2394 486 2456 qui
500 2394 548 2441 sim
561 2395 672 2456 quaeris,
688 2395 774 2451 Alexi,
844 2387 846 2391 ’

57 2486 87 2529 20
107 2497 187 2544 quam
201 2482 270 2530 dives
284 2483 398 2544 pecoris,
420 2482 487 2532 nivei
506 2497 587 2548 quarn
597 2483 677 2534 laetis
689 2483 844 2534 aliundene.

96 2570 170 2615 mille
180 2583 254 2616 meae
265 2569 363 2620 Siculis
375 2583 466 2626 errant
480 2576 510 2627 in
522 2578 669 2630 montibus
682 2592 776 2643 agnae
784 2591 797 2635 ¹,

80 2652 125 2696 lue
134 2652 203 2699 milri
212 2669 267 2704 non
280 2669 386 2714 aestate
402 2683 518 2736 novom,
535 2689 601 2726 uon
613 2674 731 2740 {rigore
746 2666 829 2718 nent.
