1816 2956
62 156 122 205 558
419 163 505 204 etms.

131 325 175 373 ille
188 322 292 371 Arabae
304 321 425 384 Myrrhae
439 321 571 383 quondum
584 320 627 383 qul
642 320 713 384 oepit
725 322 831 379 ocellos,

131 421 160 461 ut
172 413 268 461 scelere
281 411 389 459 inseudo
403 409 485 473 (quod
500 424 547 458 nee
559 410 629 458 sinat
642 410 788 473 Adrasteo)

60 507 111 550 240
131 502 233 550 laedere
246 509 383 561 utrumque
395 514 449 545 uno
462 499 565 547 studeas
578 511 665 546 errore
678 499 828 561 parentem!

132 590 201 652 quod
215 590 236 637 si
251 590 303 637 alio
317 588 408 650 quovis
421 587 500 634 enimi
514 587 618 635 iacturis
631 602 723 636 umore

132 677 206 741 (uam
218 686 243 726 te
255 677 355 732 laeteri,
371 690 424 722 uon
438 683 475 722 est
488 675 643 724 Amathusia
656 677 742 724 nostri

131 774 185 816 tem
198 767 268 814 rodis
281 773 310 812 ut
322 765 395 812 nullo
409 763 506 826 possim
520 778 679 824 cognoscere
693 765 795 829 siguo),
889 672 895 865 4

132 855 152 903 si
167 869 303 903 concessus
317 867 390 902 umor
403 860 465 899 noto
478 863 504 901 te
516 860 629 901 macerat
643 854 715 915 igne,

61 949 111 992 245
131 959 177 1006 per
190 943 234 990 tibi
248 943 394 1004 Dictynnae
407 942 554 1004 praesentia
566 943 675 992 numine
688 944 759 1001 iuro,

132 1032 216 1095 primo
229 1031 306 1079 decus
320 1045 387 1092 quae
400 1031 475 1078 dulce
488 1031 551 1078 mihi
565 1038 589 1079 te
602 1032 684 1080 donat
697 1033 841 1091 alumnum,

133 1119 221 1168 omniu
234 1135 274 1167 me
287 1119 372 1181 potius
386 1119 466 1180 digua
479 1128 556 1181 utque
569 1119 679 1196 indigna
692 1121 816 1171 laborum

133 1209 206 1256 milio
218 1208 329 1255 visurum
343 1214 525 1270 quamtulam
539 1208 654 1256 tristibus
668 1209 725 1258 istis

133 1297 252 1344 sordibus
265 1304 290 1344 et
302 1296 374 1344 senio
388 1297 471 1359 patior
485 1277 615 1345 tabescere
628 1292 695 1344 tali!

63 1390 114 1433 250
169 1385 239 1433 Hueo
253 1386 376 1447 loquitur,
391 1385 516 1447 mollique
530 1393 559 1432 ut
571 1400 597 1433 se
610 1385 706 1434 velerit
719 1389 827 1447 amictu,

133 1475 284 1536 frigidulam
296 1474 391 1522 iniecta
404 1474 547 1522 circumdat
558 1482 626 1522 veste
640 1475 770 1537 puellam,

136 1579 201 1626 quae
215 1565 285 1626 prius
299 1563 324 1610 iu
339 1563 408 1610 tenui
422 1569 527 1610 steterat
539 1563 671 1610 succincta
685 1575 804 1615 crocota.
886 1526 892 1665 Ι

134 1654 219 1702 dulcio
234 1653 326 1701 deinde
340 1652 413 1713 genis
426 1651 574 1698 rorent-ibus
589 1653 679 1700 oscula
692 1655 779 1715 figens

134 1743 295 1806 persequitur
308 1742 416 1789 miserae
430 1755 520 1789 causas
535 1740 765 1801 exquireremus,
881 1780 890 1802 .

65 1839 113 1880 255
134 1848 180 1880 nee
194 1840 280 1880 tumen
294 1838 352 1878 uute
367 1830 432 1876 ullus
447 1830 542 1891 putitur
555 1829 603 1878 sibi
617 1831 730 1880 reddere
744 1848 821 1882 voees

134 1934 306 1969 marmoreum
318 1918 485 1965 tremebunda
496 1919 673 1979 pedemquem
681 1922 863 1968 rettulitintre.

135 2010 181 2056 illu
194 2016 279 2054 autem
289 1997 362 2068 ‘quid
377 1998 424 2054 me'
438 2007 530 2067 iuquit,
543 1996 580 2053 ‘io
593 2006 737 2065 nutricula,
751 2006 865 2072 torques?

136 2097 196 2158 quid
211 2103 310 2142 tantum
324 2110 446 2157 properus
460 2102 562 2142 nostros
575 2095 677 2142 novisse
691 2096 814 2147 furores?
879 2110 889 2133 ⁴

137 2198 188 2230 non
203 2198 251 2243 ego
266 2192 389 2231 consueto
403 2184 555 2231 mortalibus
567 2198 629 2230 uror
641 2199 735 2234 aurore

65 2277 116 2319 260
135 2286 182 2320 neo
196 2273 258 2319 milri
273 2280 392 2320 notorum
407 2273 544 2320 deflectunt
557 2272 656 2319 lumina
670 2274 761 2323 vultus

136 2375 182 2408 nee
193 2362 295 2422 [renitor
305 2362 376 2408 cordi
387 2369 438 2408 est:
455 2363 522 2408 ultro
534 2374 645 2422 numque
656 2361 764 2411 odimus
773 2378 864 2412 omnes.

135 2449 171 2496 nil
186 2458 255 2496 arunt
268 2450 309 2497 hie
323 2450 433 2507 animus,
450 2450 546 2506 nutrix,
562 2450 630 2510 quod
646 2459 755 2511 oportet
767 2451 855 2505 amari,

135 2537 159 2582 iu
175 2552 226 2598 quo
241 2538 306 2585 sulse
320 2545 405 2584 tamen
420 2539 499 2586 luteet
512 2538 614 2599 pietatis
627 2537 729 2598 imago,

135 2627 178 2673 sod
193 2627 279 2675 media
292 2641 324 2674 ex
337 2626 392 2674 acie
402 2627 545 2688 mediisque
557 2641 589 2674 ex
598 2625 729 2676 hostibus.
753 2629 882 2913 heuheu!
