1816 2956
291 186 460 228 anoaoroou
477 188 617 228 niennrv.
676 183 690 189 ’·
790 178 846 227 127

56 353 105 397 535
126 348 203 396 tende
215 353 304 409 petens
318 361 408 409 pacem
422 345 543 395 etfacilis
556 359 677 394 venerare
691 359 819 409 napaeas:

125 450 237 498 nemque
251 435 349 484 dabunt
362 435 462 484 veniam
474 435 539 482 votis
552 435 655 498 irasque
668 435 806 484 remittent.

124 525 169 573 sed
182 525 274 572 modus
287 524 378 573 orandi
393 524 436 587 qui
449 524 482 572 sit
493 525 564 586 prius
578 524 668 572 ordine
681 524 774 573 dicam.

127 621 248 677 quattuor
261 613 369 660 eximios
382 613 522 676 praestanti
536 627 644 676 corpore
657 619 753 672 tauros,

126 702 170 764 qui
183 700 228 749 tibi
242 715 311 749 nunc
323 700 411 749 viridis
425 702 567 763 depascunt
579 715 679 749 summa
692 701 797 763 Lycaei,

54 797 106 840 540
126 791 212 851 delige
225 798 250 838 et
261 790 359 839 intacta
371 791 478 838 totidem
492 789 589 837 cervice
601 790 730 839 iuvencas.

126 885 248 942 quattuor
261 878 300 926 his
313 894 371 927 aras
386 879 439 926 alta
452 879 484 928 ad
499 876 607 927 delubra
620 878 726 928 dearum

126 967 252 1016 constitue
266 975 291 1016 et
302 983 404 1016 sacrum
416 967 511 1028 iugulis
526 967 629 1015 demitte
643 980 760 1015 cruorem

127 1070 287 1119 corporaque
298 1057 356 1119 ipsa
368 1055 447 1103 boum
459 1056 582 1103 frondoso
597 1056 684 1104 desere
698 1056 765 1104 luco.

126 1152 185 1208 post
198 1145 240 1192 ubi
254 1159 323 1194 noua
336 1159 395 1193 suos
408 1145 511 1193 Aurora
525 1145 666 1192 ostenderit
678 1152 757 1204 ortus,

55 1239 109 1283 545
125 1233 230 1283 inferias
244 1232 341 1296 Orphei
354 1233 469 1282 Lethaea
481 1248 608 1296 papavera
621 1233 706 1282 mittes

126 1330 151 1371 et
163 1323 265 1384 nigram
278 1322 402 1370 mactabis
416 1337 488 1370 ovem
502 1323 641 1385 lucumque
653 1322 755 1382 revises,

126 1411 255 1474 placatam
268 1410 412 1474 Eurydicen
424 1411 504 1459 vitula
516 1410 669 1460 venerabere
683 1404 776 1461 caesa.'

127 1499 195 1547 haud
209 1514 297 1547 mora:
319 1500 442 1548 continuo
456 1500 544 1548 matris
558 1507 694 1563 praecepta
707 1500 824 1561 facessit3

127 1589 159 1636 ad
173 1588 281 1637 delubra
293 1588 370 1646 veuit,
385 1597 540 1637 monstratas
553 1589 727 1648 excitatores,

57 1681 106 1726 550
127 1685 248 1739 quattuor
261 1677 369 1725 eximios
383 1677 524 1740 praestanti
538 1692 645 1740 corpore
659 1686 745 1726 tauros

127 1767 198 1814 ducit
210 1773 235 1814 et
247 1766 343 1814 intacta
356 1765 463 1813 totidem
476 1766 572 1814 cervice
585 1767 714 1815 iuvencas.

126 1862 185 1917 post
198 1854 240 1902 ubi
254 1869 324 1903 nona
336 1869 397 1902 suos
409 1854 512 1902 Aurora
524 1855 662 1904 induxerat
675 1863 754 1915 ortus,

126 1942 230 1990 inferias
244 1941 340 2005 Orphei
355 1943 432 1990 mittit
445 1944 582 2006 lucumque
595 1944 689 1992 revisit.

127 2031 169 2079 hic
182 2046 241 2080 vero
255 2031 367 2079 subitum
380 2046 411 2080 ac
425 2032 494 2079 dictu
507 2033 625 2080 mirabile
638 2039 781 2083 monstrum

55 2125 105 2168 555
126 2121 263 2182 aspiciunt,
279 2120 418 2182 liquefacta
431 2119 510 2168 boum
523 2136 568 2184 per
581 2122 678 2171 viscera
691 2129 745 2172 toto

125 2209 232 2257 stridere
245 2224 305 2271 apes
318 2216 392 2257 utero
406 2216 431 2258 et
442 2210 522 2272 ruptis
537 2211 656 2259 effervere
670 2212 746 2260 costis

125 2298 307 2360 inmensasque
320 2298 386 2346 trahi
399 2297 480 2346 nubes
493 2299 596 2362 iamque
609 2300 700 2349 arbore
717 2316 817 2350 summa

126 2386 254 2434 confluere
267 2393 292 2435 et
304 2387 380 2435 lentis
392 2402 469 2434 uvam
482 2388 613 2438 demittere
627 2390 713 2437 ramis.

161 2473 232 2523 Haec
245 2490 321 2538 super
334 2491 452 2523 arvorum
464 2477 534 2524 cultu
547 2492 720 2540 pecorumque
727 2476 851 2526 canebam

54 2569 105 2612 560
125 2570 151 2611 et
163 2578 239 2626 super
251 2564 402 2623 arboribus,
418 2563 515 2613 Caesar
528 2567 589 2613 dum
602 2581 711 2627 magnus
725 2565 756 2614 ad
770 2565 853 2612 altum

125 2650 247 2700 fulminat
257 2652 405 2715 Euphraten
420 2653 489 2705 bello
503 2655 641 2720 victorque
652 2654 774 2704 rotantis
