1816 2956
253 175 400 214 Atlanteos
420 176 505 214 LIBER
523 176 553 214 X.

74 336 111 382 irc
125 335 195 396 prior
207 334 303 392 Pallan,
320 334 395 396 siqua
408 333 459 382 fors
473 334 576 382 adiuvet
589 347 681 392 ausum

75 424 170 478 viribus
184 424 326 486 inparibus,
340 438 514 484 magnumque
527 423 563 470 ita
572 423 603 470 ad
613 418 802 470 aetherafatur.

27 518 59 566 50*
72 502 129 576 ‘per
142 513 221 575 patris
235 513 375 574 hospitium
390 519 414 560 et
426 527 528 560 mensas
542 528 606 574 quas
620 508 804 560 advenaadisti

75 610 99 653 te
111 617 211 665 precor,
226 601 328 660 Alcide,
345 602 441 664 coeptis
454 601 601 662 ingentibus
614 601 693 648 adsis.

75 700 163 740 cernat
175 690 297 739 semineci
311 690 359 737 sibi
373 705 414 738 me
427 705 518 753 rapere
532 705 602 738 arma
616 697 721 738 cruenta

74 781 248 841 victoremque
262 779 346 827 ferant
358 779 495 828 morientia
508 779 607 826 lumina
620 770 721 826 Turni.'

75 869 157 915 audiit
169 869 274 916 Alcides
288 868 406 915 invenem
419 882 594 930 magnumque
608 867 654 914 sub
668 867 720 914 imo
744 881 745 885 ¹

27 962 54 1004 55
75 956 152 1004 corde
165 958 258 1018 premit
270 957 394 1017 gemitum
407 956 579 1019 lacrimasque
589 957 697 1004 effundit
706 955 802 1004 inanis.

75 1052 129 1091 tum
142 1046 244 1105 genitor
257 1052 346 1092 natum
360 1045 434 1093 dictis
448 1046 550 1093 adfatur
563 1045 663 1094 amicis.

75 1133 134 1179 ‘stat
146 1149 192 1179 sua
205 1135 297 1195 cuique
312 1135 373 1191 dies,
393 1134 468 1182 breve
481 1142 506 1182 et
518 1133 691 1197 inreparabile
704 1139 804 1194 tempus

75 1221 194 1268 omnibus
209 1228 246 1269 est
259 1222 340 1269 ritae:
362 1223 407 1270 sed
421 1222 516 1270 famam
530 1224 668 1272 extendere
682 1221 766 1280 fontia

75 1310 124 1358 hoo
138 1310 235 1357 virtutis
249 1325 323 1372 opus.
351 1311 446 1360 Troiae
458 1312 505 1359 sub
519 1312 654 1360 moenibus
667 1311 727 1359 altis

27 1402 55 1447 to
75 1404 113 1444 tot
125 1398 197 1460 gnati
212 1399 326 1447 cecidere
340 1399 432 1459 deum,
457 1401 519 1462 quin
533 1401 628 1449 oceidit
640 1415 693 1448 una
731 1390 740 1409 ⁹

75 1486 218 1550 Sarpedon,
234 1503 292 1536 mea
304 1489 450 1551 progenies.
479 1490 556 1538 otiam
568 1505 615 1538 sua
628 1489 746 1538 Turnum
779 1492 794 1552 ἦ,

75 1575 128 1623 lata
141 1585 234 1625 vocant
246 1585 379 1640 metasque
393 1579 444 1626 dati
458 1579 619 1642 pervenitad
633 1571 708 1626 aevi?

74 1665 111 1712 sic
125 1665 160 1712 ait
173 1675 249 1728 atque
263 1667 353 1714 oculos
366 1668 520 1715 Rutulorum
534 1667 607 1715 reicit
619 1668 706 1729 arvis..

75 1761 101 1800 at
114 1753 201 1801 Pallas
214 1755 315 1815 magnis
329 1757 422 1803 emittit
434 1757 529 1804 viribus
544 1756 643 1803 hastam

27 1846 54 1891 75
75 1842 220 1903 vaginaque
234 1857 296 1889 cava
309 1843 450 1904 fulgentem
464 1844 557 1906 deripit
570 1859 666 1893 ensem.

75 1930 121 1976 illa
134 1930 232 1988 volone,
249 1932 330 1978 umeri
344 1939 452 1993 surgunt
465 1948 516 1994 qua
529 1934 643 1993 tegmina
656 1949 765 1993 summa,
804 1917 811 1929 ³

74 2018 165 2066 incidit
178 2026 255 2080 atquo
268 2019 335 2067 viam
349 2021 424 2083 clipei
438 2021 529 2069 molita
541 2036 587 2084 per
599 2038 667 2082 oras,

75 2106 179 2154 tandem
193 2108 270 2155 etiam
283 2123 378 2170 magno
393 2109 496 2156 strinxit
509 2111 540 2158 de
554 2125 661 2173 corpore
674 2111 764 2158 Turni.

74 2195 116 2241 hic
129 2195 231 2244 Turnus
245 2196 311 2244 ferro
325 2198 468 2260 praefixum
481 2199 560 2246 robur
573 2207 647 2247 acuto

27 2289 54 2331 30
74 2283 100 2328 in
114 2283 235 2331 Pallanta
249 2285 292 2331 diu
306 2285 403 2334 librans
416 2287 568 2349 incitatque
581 2289 617 2335 ita
630 2288 706 2348 fatur,

71 2362 169 2434 ‘aspice
181 2386 244 2420 num
257 2388 333 2435 mage
345 2375 378 2422 sit
391 2383 506 2424 nostrum
520 2377 677 2439 penetrabile
691 2369 791 2426 telum.³

74 2459 189 2506 dixerat:
205 2468 231 2508 at
245 2462 364 2525 clipeum,
381 2471 419 2512 tot
432 2442 490 2512 serii
505 2472 586 2527 terga,
602 2473 639 2512 tot
653 2466 727 2524 aeris,

74 2563 132 2596 cum
146 2548 221 2610 pellis
236 2550 328 2598 totiens
342 2551 419 2624 obeat
432 2553 590 2610 circumdata
603 2555 678 2612 tauri,

73 2637 181 2684 vibranti
196 2638 280 2700 cuspis
294 2641 407 2689 medium
420 2642 607 2692 transverberat
619 2643 671 2691 ictu
