1816 2956
368 169 474 208 CL'LEX.

102 326 167 372 alter
180 326 206 371 in
220 325 332 384 alterius,
349 326 452 387 iamque
466 334 596 373 aversatur
608 334 724 389 uterque,

101 414 182 475 impia
194 415 310 474 germani
324 423 412 460 manat
425 414 492 475 quod
507 415 632 475 sanguine
647 417 745 464 dextra.

102 502 176 560 eheu,
192 502 330 549 mutandus
344 518 484 564 numquam
499 503 587 550 labor!
609 504 711 552 auferor
726 506 794 553 ultra

101 591 128 638 in
142 591 241 638 diversa
254 592 346 652 magis,
364 591 485 639 distantia
498 591 588 638 limine
601 606 687 651 cerno,

49 685 82 728 60
101 679 230 727 Eridanus
243 680 393 738 menendus,
410 695 473 741 agor
486 681 587 728 delatus
600 683 632 728 ad
646 683 751 730 undam.

103 767 179 816 obvia
190 767 355 830 Persephone
369 769 473 816 comites
487 768 607 817 heroidas
620 779 695 832 urget

102 857 222 906 adversas
235 857 348 919 perferre
361 857 438 905 faces.
465 857 575 906 Alcestis
589 859 620 906 ab
635 860 705 906 omni

100 946 226 993 inviolata
239 954 312 994 vacat
325 961 395 1005 cura,
412 946 481 1008 quod
494 962 570 994 saeva
586 948 670 996 mariti

103 1035 129 1080 in
144 1033 329 1082 Chalcodoniis
342 1035 447 1082 Admeti
461 1034 513 1082 fata
526 1043 659 1085 moratast.

48 1128 81 1171 65
103 1138 170 1181 eece,
185 1122 268 1170 Ithaci
282 1123 395 1170 coniunx
408 1138 509 1185 semper
522 1124 599 1172 dccus
611 1125 738 1183 lacrimis,

101 1211 240 1259 femineum
252 1211 402 1274 incorrupta
415 1213 491 1260 decus
504 1221 599 1272 manet,
615 1221 640 1261 et
652 1214 742 1276 procul
755 1214 804 1261 illa

100 1299 176 1348 turba
187 1299 259 1348 ferox
272 1300 392 1348 iuvenum
405 1301 462 1348 talis
477 1302 579 1349 confixa
591 1317 737 1364 procorum.

101 1387 162 1450 quid
176 1389 270 1437 misera
282 1388 409 1450 Eurydice
422 1397 494 1437 tanto
507 1404 623 1438 maerore
636 1390 740 1438 recessit

100 1491 237 1540 poenaque
250 1485 379 1539 respectus
393 1486 418 1525 et
430 1493 499 1525 nunc
511 1486 607 1537 manet,
617 1479 744 1540 Orpheus,
754 1478 830 1527 inte?

47 1569 80 1616 70
101 1565 188 1613 audax
201 1565 245 1613 ille
259 1566 372 1628 quidem,
389 1568 432 1628 qui
446 1568 535 1615 mitem
549 1566 680 1615 Cerberon
693 1582 817 1629 umquam

100 1654 209 1702 credidit
222 1660 267 1701 aut
279 1654 326 1701 ulli
339 1654 406 1703 Ditis
420 1656 548 1717 placabile
563 1670 658 1704 numen

100 1757 148 1790 nec
161 1742 443 1804 timuitPhlegethonta
455 1745 581 1792 furentem
593 1744 741 1792 ardentibus
751 1744 827 1790 undis

99 1845 147 1879 nec
160 1837 259 1879 maesta
272 1831 378 1879 obtenta
390 1832 457 1880 Ditis
471 1832 599 1893 ferrugine
613 1847 693 1893 regna

100 1918 266 1982 defossasque
280 1921 370 1968 domos
383 1936 413 1969 ac
426 1922 535 1969 Tartara
548 1928 622 1969 nocte
636 1927 743 1968 cruenta

47 2013 78 2058 75
99 2007 184 2056 obsita
196 2022 244 2056 nec
257 2008 345 2057 faciles
358 2009 467 2057 Dictaeo
481 2010 565 2057 iudice
579 2011 660 2069 sedes,

97 2096 183 2145 iudice
196 2097 241 2159 qui
254 2098 320 2146 ritae
333 2106 391 2160 post
404 2105 512 2146 mortem
525 2098 638 2146 vindicat
651 2105 717 2145 acta.

98 2185 143 2234 sed
156 2185 271 2233 Fortuna
282 2187 370 2235 valens
384 2188 510 2235 audacem
524 2187 619 2235 facerat
632 2194 700 2234 ante.

97 2273 150 2321 iam
163 2274 247 2336 rapidi
260 2282 384 2323 steterant
396 2290 484 2323 amnes
498 2283 523 2323 et
536 2275 610 2323 turba
624 2274 735 2323 ferarum

98 2361 195 2410 blanda
207 2377 269 2411 voce
283 2379 381 2426 sequax
394 2365 525 2426 regionem
538 2364 667 2412 insederat
681 2363 788 2426 Orphei,

47 2456 77 2500 30
96 2450 201 2514 iamque
213 2451 292 2500 imam
306 2452 380 2499 viridi
394 2453 634 2500 radicem'moverat
647 2452 698 2500 alte

97 2553 206 2600 quercus
220 2539 299 2587 humo
315 2540 450 2604 [steterunt
461 2541 561 2604 amnes]
575 2542 706 2604 silvaeque
717 2555 825 2588 sonoros

95 2634 188 2690 sponte
201 2637 351 2677 succentus
364 2631 499 2693 rapiebant
512 2631 606 2679 cortice
621 2645 706 2677 avara.
