1816 2956
275 195 423 237 tenemus
448 195 535 237 LIBER
551 197 583 238 X.
769 192 828 240 417

105 367 186 401 nosne
199 353 244 401 tibi
257 355 339 402 fluxas
352 354 479 416 Phrygiae
492 368 531 402 res
544 362 641 404 vertere
653 355 734 404 fundo

107 442 249 490 conamur?
269 443 334 491 nos?
354 458 387 491 an
400 443 506 491 miseros
521 444 564 505 qui
578 444 660 493 Troas
674 445 779 494 Achivis

57 535 86 578 30
106 530 217 579 obiecit?
237 545 303 593 quae
317 546 394 579 causa
406 530 455 579 fuit
468 545 621 594 consurgere
634 533 660 580 in
674 549 747 582 arma

105 619 288 682 Europamque
300 620 443 683 Asiamque
455 627 480 668 et
492 619 597 668 foedera
609 621 707 670 solvero
720 622 805 671 furto?

104 723 145 756 ure
158 709 224 757 duce
236 708 384 757 Dardanius
398 707 518 771 Spartam
532 710 689 771 expugnavit
702 712 804 760 adulter

105 803 149 844 aut
162 811 211 859 ego
224 797 277 845 tela
290 797 349 846 dedi
362 797 444 846 fovive
457 797 587 861 Cupidine
599 797 687 846 bella?

104 892 159 932 tum
172 885 258 933 decuit
270 886 390 934 metuisse
403 886 468 934 tuis:
490 901 559 936 nunc
572 902 629 936 sera
642 887 763 949 querellis

57 978 84 1020 35
105 973 173 1021 haud
188 974 260 1021 iustis
274 974 392 1036 adsurgis
406 981 431 1022 et
442 975 521 1022 inrita
533 975 620 1037 iurgia
631 968 731 1024 iactas*

142 1061 249 1109 Talibus
264 1061 354 1109 orabat
366 1062 441 1122 Iuno,
458 1063 595 1127 cunctique
607 1063 751 1113 fremebant

105 1150 246 1199 caelicolae
259 1151 369 1198 adsensu
383 1150 462 1211 vario,
479 1167 525 1200 ceu
538 1153 643 1201 flamina
655 1153 739 1215 primu

106 1255 163 1287 cum
177 1239 303 1301 deprensa
315 1238 428 1287 fremunt
440 1240 510 1288 silvis
524 1247 549 1288 ct
562 1255 639 1290 caece
651 1241 769 1289 volutent

104 1343 245 1388 murmure,
260 1334 380 1376 venturos
394 1328 478 1376 nautis
492 1329 628 1391 prodentia
640 1338 737 1378 ventos.

57 1423 85 1465 >0
105 1424 159 1464 tum
173 1426 246 1480 pater
260 1417 433 1479 omnipotens,
448 1432 533 1466 rerum
547 1417 587 1466 cui
600 1418 684 1480 prima
696 1425 818 1480 potestas,

105 1506 176 1553 infit:
199 1521 229 1555 eo
244 1506 344 1555 dicente
359 1506 436 1555 deum
449 1506 540 1554 domus
554 1507 607 1554 alta
619 1506 724 1565 silescit,

105 1602 130 1642 ct
142 1595 292 1644 tremefacta
305 1595 361 1643 solo
375 1595 461 1654 tollae,
476 1595 536 1643 silet
548 1595 642 1642 arduos
657 1593 753 1654 aether,

105 1690 159 1731 tum
172 1684 276 1746 zephyri
289 1698 407 1745 posuere,
423 1683 516 1746 premit
528 1683 632 1745 placida
646 1696 759 1744 aequora
769 1696 833 1744 pon-

406 1778 454 1820 tus.

103 1848 221 1920 ‘accipite
239 1873 300 1920 ergo
319 1860 412 1907 animis
431 1866 507 1921 atque
521 1859 585 1906 haec
598 1873 656 1907 mea
668 1858 739 1919 figite
752 1858 830 1906 dicte.

57 1953 83 1996 >5
105 1947 315 2010 quandoquidem
328 1947 460 1995 Ausonios
474 1947 596 2008 coniungi
609 1946 714 1994 foedere
726 1946 832 1994 Teucris

105 2035 174 2082 haud
189 2035 288 2104 licitum
301 2049 349 2084 nec
361 2041 445 2083 vestra
458 2035 527 2097 capit
540 2035 670 2083 discordia
683 2034 768 2093 linem,

105 2138 171 2186 quae
185 2124 277 2186 cuique
291 2130 329 2171 est
341 2123 444 2171 fortuna
456 2123 543 2183 hodie,
559 2138 637 2185 quam
648 2123 834 2186 quisquesecat

404 2226 485 2274 spem,

105 2300 170 2348 Tros
184 2300 324 2348 Rutulusve
337 2299 401 2358 fuat,
416 2300 489 2348 nullo
503 2300 650 2350 discrimine
662 2301 773 2360 habebo,

105 2404 150 2438 seu
164 2389 222 2436 fatis
235 2388 330 2436 Italum
344 2395 428 2437 castra
441 2387 576 2437 obsidione
590 2396 709 2438 tenentur

57 2483 86 2525 10
105 2478 157 2525 sive
171 2491 256 2525 errore
268 2477 339 2525 malo
352 2477 446 2525 Troiae
460 2478 616 2540 monitisque
630 2479 753 2526 sinistris.

106 2579 152 2613 nec
165 2565 273 2613 Rutulos
285 2567 366 2614 solvo.
396 2582 444 2615 sua
457 2566 557 2632 cuique
570 2582 673 2616 exorsu
680 2565 818 2612 luporem

92 2651 276 2717 fortunamque
290 2655 387 2707 ferent.
416 2675 470 2710 rex
482 2658 615 2726 luppiter
631 2649 772 2703 omu'i'ous
781 2639 882 2686 sstem·

66 2730 186 2783 Velg’ilr'us.
677 2732 722 2782 ‘l‘d
