1816 2956
119 173 178 220 452
360 180 388 218 Ρ.
404 179 526 218 VERGILI
542 178 673 219 MABONIS

188 339 230 385 hie
243 337 360 384 iuvenem
374 336 468 397 agresti
481 335 618 382 sublimem
631 335 752 383 stramine
770 345 876 398 ponunt

189 426 291 488 qualem
304 424 420 484 virgineo
434 424 579 472 demessum
592 422 688 485 pollice
700 423 793 471 florem

189 529 234 562 seu
246 512 333 560 mollis
347 513 431 560 violae
444 527 489 559 seu
502 512 649 572 languentis
666 511 811 574 hyacinthi,

137 607 169 653 70
190 603 230 651 cui
250 615 334 662 neque
352 601 439 661 fulgor
457 600 542 647 adhuc
566 614 614 648 nec
633 599 694 647 dum
712 614 760 648 sua
780 601 867 651 forma

490 688 582 747 cessit3

190 794 243 827 non
255 779 307 826 iam
320 784 402 824 mater
415 776 461 824 alit
474 777 549 825 tellus
563 777 674 837 virisque
687 775 829 826 ministrat.

190 875 243 915 tum
255 866 371 928 geminas
384 872 466 913 vestes
479 879 595 926 auroque
608 872 730 926 ostroque
743 865 856 927 rigentia

190 954 281 1004 extulit
294 955 406 1012 Aeneas,
422 968 485 1015 quas
498 953 537 1000 illi
551 953 620 1001 lacta
631 952 752 1001 laborum

189 1044 246 1106 ipsa
260 1043 312 1090 suis
326 1042 458 1104 quondam
471 1040 590 1089 manibus
604 1040 713 1088 Sidonia
725 1040 800 1089 Dido

138 1135 170 1181 75
191 1131 286 1179 lecerat
298 1137 323 1178 ct
336 1130 406 1178 tenui
419 1130 484 1177 telas
498 1130 653 1177 discreverat
666 1143 739 1177 auro.

190 1220 282 1268 barum
294 1232 373 1265 unam
386 1217 471 1265 iuveni
484 1231 633 1279 supremum
646 1223 760 1265 maestus
775 1219 878 1271 honore

190 1304 276 1354 induit
288 1320 441 1368 arsurasque
455 1320 541 1353 comas
555 1305 664 1352 obnubit
676 1305 784 1366 amictu,

191 1395 324 1456 multaque
337 1401 470 1456 praeterea
483 1393 619 1441 Laurentis
632 1393 749 1456 praemia
762 1410 874 1458 pugnae

152 1476 153 1479 '
191 1491 298 1544 aggerat
312 1491 336 1530 et
349 1482 428 1543 longo
442 1482 566 1544 praedam
578 1483 650 1530 iubet
662 1482 753 1531 ordine
768 1484 844 1534 duci.

138 1575 171 1618 80
191 1571 263 1619 addit
276 1585 355 1632 equos
370 1577 395 1618 et
408 1570 459 1618 tela
473 1570 566 1631 quibus
580 1570 736 1633 spoliaverat
749 1571 868 1624 hostem.

191 1660 308 1707 vinxerat
325 1666 350 1706 et
368 1665 426 1721 post
444 1665 516 1720 terga
535 1673 639 1718 manus,
662 1673 726 1721 quos
742 1661 878 1713 mittereti

491 1745 544 1793 bris

192 1834 306 1893 inferias,
323 1850 398 1882 caeso
412 1850 546 1896 sparsurus
560 1836 685 1896 sanguine
698 1836 848 1899 flammam,

192 1924 347 1984 indutosque
360 1923 431 1971 iubet
443 1931 547 1971 truncos
561 1924 696 1971 hostilibus
709 1927 793 1975 armis

191 2013 261 2074 ipsos
275 2012 340 2059 ferre
354 2012 430 2059 duces
444 2012 601 2074 inimicaque
614 2012 721 2059 nomina
734 2013 793 2076 ligi.

139 2104 171 2147 85
192 2100 293 2147 ducitur
306 2100 396 2147 infelix
409 2115 472 2148 aevo
486 2100 617 2148 confectus
630 2101 751 2159 Acoetes,

192 2195 298 2248 pectora
311 2203 379 2236 nunc
392 2189 499 2236 foedans
513 2189 615 2251 pugnis,
639 2203 708 2236 nunc
721 2193 862 2252 unguibus
875 2214 879 2239 ι

192 2277 312 2324 sternitur
325 2284 350 2324 et
362 2283 416 2324 toto
429 2277 558 2339 proiectus
572 2290 679 2338 corpore
693 2284 788 2328 terrae.

192 2365 290 2413 ducunt
302 2371 327 2412 et
339 2363 435 2412 Rutulo
449 2366 566 2427 perfusos
579 2365 706 2425 sanguine
720 2379 826 2417 currus.

191 2458 249 2514 post
262 2451 372 2499 bellator
385 2468 443 2500 ecus
457 2453 548 2514 positis
562 2452 706 2513 insignibus
719 2453 843 2518 Aethon,

139 2544 172 2586 90
191 2540 212 2586 it
224 2539 362 2587 lacrimans
375 2542 506 2602 guttisque
520 2548 632 2588 umectat
644 2542 792 2601 grandibus
807 2561 865 2597 ora.

64 2624 105 2777 h
192 2628 292 2676 hastam
306 2628 350 2675 alii
363 2629 517 2691 galeamque
530 2629 629 2677 ferunt:
651 2644 712 2676 nam
726 2639 818 2684 cetera
825 2637 879 2685 Tur
