<?xml version="1.0" encoding="UTF-8"?>
<!DOCTYPE html PUBLIC "-//W3C//DTD XHTML 1.0 Transitional//EN"
    "http://www.w3.org/TR/xhtml1/DTD/xhtml1-transitional.dtd">
<html xmlns="http://www.w3.org/1999/xhtml" xml:lang="en" lang="en">
 <head>
  <title>
</title>
<meta http-equiv="Content-Type" content="text/html;charset=utf-8" />
  <meta name='ocr-system' content='tesseract 3.04.00' />
  <meta name='ocr-capabilities' content='ocr_page ocr_carea ocr_par ocr_line ocrx_word'/>
</head>
<body>
  <div class='ocr_page' id='page_1' title='image "./pvergiliusmaro01virggoog/pvergiliusmaro01virggoog_0461.png"; bbox 0 0 1816 2956; ppageno 0'>
   <div class='ocr_carea' id='block_1_1' title="bbox 79 178 634 228">
    <p class='ocr_par' dir='ltr' id='par_1_1' title="bbox 79 178 634 228">
     <span class='ocr_line' id='line_1_1' title="bbox 79 178 634 228; baseline 0.004 -4"><span class='ocrx_word' id='word_1_1' title='bbox 79 178 139 224; x_wconf 67' lang='grc'><strong>442</strong></span> <span class='ocrx_word' id='word_1_2' title='bbox 318 189 344 227; x_wconf 91' lang='grc' dir='ltr'><strong>Ρ.</strong></span> <span class='ocrx_word' id='word_1_3' title='bbox 360 187 482 228; x_wconf 77' lang='lat' dir='ltr'><strong>vunoltt</strong></span> <span class='ocrx_word' id='word_1_4' title='bbox 502 187 634 228; x_wconf 69' lang='lat' dir='ltr'><strong>naonis</strong></span> 
     </span>
    </p>
   </div>
   <div class='ocr_carea' id='block_1_2' title="bbox 79 345 881 2636">
    <p class='ocr_par' dir='ltr' id='par_1_2' title="bbox 147 345 878 499">
     <span class='ocr_line' id='line_1_2' title="bbox 148 345 714 408; baseline -0.004 -13"><span class='ocrx_word' id='word_1_5' title='bbox 148 347 313 395; x_wconf 80' lang='lat' dir='ltr'><strong>conclamant</strong></span> <span class='ocrx_word' id='word_1_6' title='bbox 324 346 389 395; x_wconf 82' lang='lat' dir='ltr'><strong>socii</strong></span> <span class='ocrx_word' id='word_1_7' title='bbox 403 347 499 396; x_wconf 88' lang='lat' dir='ltr'><strong>laetum</strong></span> <span class='ocrx_word' id='word_1_8' title='bbox 510 359 612 408; x_wconf 88' lang='lat' dir='ltr'><strong>paeana</strong></span> <span class='ocrx_word' id='word_1_9' title='bbox 624 345 714 394; x_wconf 85' lang='lat' dir='ltr'><strong>secuti.</strong></span> 
     </span>
     <span class='ocr_line' id='line_1_3' title="bbox 147 425 878 499; baseline 0.003 -16"><span class='ocrx_word' id='word_1_10' title='bbox 147 436 193 484; x_wconf 85' lang='lat' dir='ltr'><strong>ille</strong></span> <span class='ocrx_word' id='word_1_11' title='bbox 205 442 292 485; x_wconf 89' lang='lat' dir='ltr'><strong>autem</strong></span> <span class='ocrx_word' id='word_1_12' title='bbox 304 436 424 499; x_wconf 82' lang='lat' dir='ltr'>expirans</span> <span class='ocrx_word' id='word_1_13' title='bbox 434 425 499 482; x_wconf 87' lang='lat' dir='ltr'><strong>‘non</strong></span> <span class='ocrx_word' id='word_1_14' title='bbox 506 449 556 492; x_wconf 89' lang='lat' dir='ltr'><strong>me,</strong></span> <span class='ocrx_word' id='word_1_15' title='bbox 572 435 730 497; x_wconf 85' lang='lat' dir='ltr'><strong>quicumque</strong></span> <span class='ocrx_word' id='word_1_16' title='bbox 737 448 774 495; x_wconf 86' lang='lat' dir='ltr'><strong>es,</strong></span> <span class='ocrx_word' id='word_1_17' title='bbox 784 434 878 495; x_wconf 86' lang='lat' dir='ltr'><strong>inulto,</strong></span> 
     </span>
    </p>

    <p class='ocr_par' dir='ltr' id='par_1_3' title="bbox 79 523 880 857">
     <span class='ocr_line' id='line_1_4' title="bbox 79 523 812 586; baseline -0.003 -11"><span class='ocrx_word' id='word_1_18' title='bbox 79 528 128 575; x_wconf 76' lang='lat'><strong>740</strong></span> <span class='ocrx_word' id='word_1_19' title='bbox 147 525 237 584; x_wconf 85' lang='lat' dir='ltr'><strong>vietor,</strong></span> <span class='ocrx_word' id='word_1_20' title='bbox 252 538 301 573; x_wconf 91' lang='lat' dir='ltr'><strong>nec</strong></span> <span class='ocrx_word' id='word_1_21' title='bbox 314 525 421 586; x_wconf 85' lang='lat' dir='ltr'><strong>longum</strong></span> <span class='ocrx_word' id='word_1_22' title='bbox 434 523 578 583; x_wconf 87' lang='lat' dir='ltr'><strong>laetabere;</strong></span> <span class='ocrx_word' id='word_1_23' title='bbox 598 530 623 571; x_wconf 90' lang='lat' dir='ltr'><strong>te</strong></span> <span class='ocrx_word' id='word_1_24' title='bbox 636 537 742 586; x_wconf 89' lang='lat' dir='ltr'><strong>quoque</strong></span> <span class='ocrx_word' id='word_1_25' title='bbox 755 523 812 573; x_wconf 80' lang='lat' dir='ltr'><strong>sata</strong></span> 
     </span>
     <span class='ocr_line' id='line_1_5' title="bbox 148 605 880 677; baseline 0.001 -16"><span class='ocrx_word' id='word_1_26' title='bbox 148 620 314 677; x_wconf 84' lang='lat' dir='ltr'><strong>prospectant</strong></span> <span class='ocrx_word' id='word_1_27' title='bbox 332 613 497 676; x_wconf 79' lang='lat' dir='ltr'><strong>pariamque</strong></span> <span class='ocrx_word' id='word_1_28' title='bbox 510 612 600 661; x_wconf 90' lang='lat' dir='ltr'><strong>eadem</strong></span> <span class='ocrx_word' id='word_1_29' title='bbox 612 627 674 660; x_wconf 87' lang='lat' dir='ltr'><strong>mox</strong></span> <span class='ocrx_word' id='word_1_30' title='bbox 687 627 749 662; x_wconf 84' lang='lat' dir='ltr'><strong>arva</strong></span> <span class='ocrx_word' id='word_1_31' title='bbox 761 605 880 664; x_wconf 84' lang='lat' dir='ltr'><strong>tenebia&#39;</strong></span> 
     </span>
     <span class='ocr_line' id='line_1_6' title="bbox 149 701 721 766; baseline -0.002 -14"><span class='ocrx_word' id='word_1_32' title='bbox 149 703 183 752; x_wconf 89' lang='lat' dir='ltr'><strong>ad</strong></span> <span class='ocrx_word' id='word_1_33' title='bbox 196 718 273 766; x_wconf 88' lang='lat' dir='ltr'><strong>quem</strong></span> <span class='ocrx_word' id='word_1_34' title='bbox 285 702 419 751; x_wconf 84' lang='lat' dir='ltr'>subridens</span> <span class='ocrx_word' id='word_1_35' title='bbox 432 701 514 750; x_wconf 89' lang='lat' dir='ltr'><strong>mixta</strong></span> <span class='ocrx_word' id='word_1_36' title='bbox 525 701 668 750; x_wconf 76' lang='lat' dir='ltr'><strong>Mezentius</strong></span> <span class='ocrx_word' id='word_1_37' title='bbox 681 702 721 751; x_wconf 90' lang='lat' dir='ltr'><strong>ira</strong></span> 
     </span>
     <span class='ocr_line' id='line_1_7' title="bbox 146 781 880 857; baseline 0 -17"><span class='ocrx_word' id='word_1_38' title='bbox 146 781 226 842; x_wconf 83' lang='lat' dir='ltr'><strong>‘nuuc</strong></span> <span class='ocrx_word' id='word_1_39' title='bbox 244 806 353 846; x_wconf 81' lang='lat' dir='ltr'>morere.</span> <span class='ocrx_word' id='word_1_40' title='bbox 380 798 422 842; x_wconf 91' lang='lat' dir='ltr'><strong>ast</strong></span> <span class='ocrx_word' id='word_1_41' title='bbox 440 792 472 841; x_wconf 88' lang='lat' dir='ltr'><strong>de</strong></span> <span class='ocrx_word' id='word_1_42' title='bbox 490 805 531 840; x_wconf 89' lang='lat' dir='ltr'><strong>me</strong></span> <span class='ocrx_word' id='word_1_43' title='bbox 550 791 636 838; x_wconf 84' lang='lat' dir='ltr'><strong>divom</strong></span> <span class='ocrx_word' id='word_1_44' title='bbox 654 799 730 854; x_wconf 87' lang='lat' dir='ltr'><strong>pater</strong></span> <span class='ocrx_word' id='word_1_45' title='bbox 742 799 825 857; x_wconf 88' lang='lat' dir='ltr'><strong>atque</strong></span> <span class='ocrx_word' id='word_1_46' title='bbox 837 792 880 841; x_wconf 90' lang='lat' dir='ltr'><strong>ho-</strong></span> 
     </span>
    </p>

    <p class='ocr_par' dir='ltr' id='par_1_4' title="bbox 148 881 761 1032">
     <span class='ocr_line' id='line_1_8' title="bbox 448 881 607 929; baseline -0.006 -1"><span class='ocrx_word' id='word_1_47' title='bbox 448 881 548 928; x_wconf 91' lang='lat' dir='ltr'><strong>minum</strong></span> <span class='ocrx_word' id='word_1_48' title='bbox 560 894 607 929; x_wconf 85' lang='lat' dir='ltr'><strong>rex</strong></span> 
     </span>
     <span class='ocr_line' id='line_1_9' title="bbox 148 962 761 1032; baseline -0.003 -12"><span class='ocrx_word' id='word_1_49' title='bbox 148 962 257 1020; x_wconf 73' lang='lat' dir='ltr'><strong>viderit.³</strong></span> <span class='ocrx_word' id='word_1_50' title='bbox 282 971 333 1019; x_wconf 90' lang='lat' dir='ltr'><strong>hoo</strong></span> <span class='ocrx_word' id='word_1_51' title='bbox 345 970 433 1020; x_wconf 89' lang='lat' dir='ltr'><strong>diceus</strong></span> <span class='ocrx_word' id='word_1_52' title='bbox 447 970 536 1019; x_wconf 79' lang='lat' dir='ltr'>eduxit</span> <span class='ocrx_word' id='word_1_53' title='bbox 549 983 655 1032; x_wconf 88' lang='lat' dir='ltr'><strong>corpore</strong></span> <span class='ocrx_word' id='word_1_54' title='bbox 669 969 761 1018; x_wconf 83' lang='lat' dir='ltr'><strong>telum.</strong></span> 
     </span>
    </p>

    <p class='ocr_par' dir='ltr' id='par_1_5' title="bbox 80 1058 881 1300">
     <span class='ocr_line' id='line_1_10' title="bbox 80 1058 720 1122; baseline -0.003 -13"><span class='ocrx_word' id='word_1_55' title='bbox 80 1062 129 1109; x_wconf 82' lang='lat'><strong>745</strong></span> <span class='ocrx_word' id='word_1_56' title='bbox 149 1060 195 1108; x_wconf 93' lang='lat' dir='ltr'><strong>olli</strong></span> <span class='ocrx_word' id='word_1_57' title='bbox 208 1060 273 1108; x_wconf 86' lang='lat' dir='ltr'><strong>dura</strong></span> <span class='ocrx_word' id='word_1_58' title='bbox 286 1059 359 1122; x_wconf 88' lang='lat' dir='ltr'><strong>quies</strong></span> <span class='ocrx_word' id='word_1_59' title='bbox 372 1059 462 1108; x_wconf 89' lang='lat' dir='ltr'><strong>oculos</strong></span> <span class='ocrx_word' id='word_1_60' title='bbox 475 1066 501 1108; x_wconf 89' lang='lat' dir='ltr'><strong>et</strong></span> <span class='ocrx_word' id='word_1_61' title='bbox 514 1058 610 1107; x_wconf 87' lang='lat' dir='ltr'><strong>ferreus</strong></span> <span class='ocrx_word' id='word_1_62' title='bbox 627 1065 720 1120; x_wconf 84' lang='lat' dir='ltr'><strong>urguet</strong></span> 
     </span>
     <span class='ocr_line' id='line_1_11' title="bbox 148 1147 863 1208; baseline -0.001 -11"><span class='ocrx_word' id='word_1_63' title='bbox 148 1163 263 1208; x_wconf 78' lang='lat' dir='ltr'><strong>somnus,</strong></span> <span class='ocrx_word' id='word_1_64' title='bbox 278 1149 305 1196; x_wconf 90' lang='lat' dir='ltr'><strong>iu</strong></span> <span class='ocrx_word' id='word_1_65' title='bbox 320 1156 452 1197; x_wconf 79' lang='lat' dir='ltr'><strong>aeternam</strong></span> <span class='ocrx_word' id='word_1_66' title='bbox 465 1148 621 1197; x_wconf 87' lang='lat' dir='ltr'><strong>clauduntur</strong></span> <span class='ocrx_word' id='word_1_67' title='bbox 633 1147 734 1196; x_wconf 90' lang='lat' dir='ltr'><strong>lumina</strong></span> <span class='ocrx_word' id='word_1_68' title='bbox 747 1154 863 1197; x_wconf 87' lang='lat' dir='ltr'><strong>noctem.</strong></span> 
     </span>
     <span class='ocr_line' id='line_1_12' title="bbox 150 1233 881 1300; baseline -0.001 -13"><span class='ocrx_word' id='word_1_69' title='bbox 150 1235 278 1288; x_wconf 74' lang='lat' dir='ltr'><strong>Caedicus</strong></span> <span class='ocrx_word' id='word_1_70' title='bbox 306 1237 464 1287; x_wconf 75' lang='lat' dir='ltr'><strong>Alcathoum</strong></span> <span class='ocrx_word' id='word_1_71' title='bbox 496 1235 647 1295; x_wconf 83' lang='lat' dir='ltr'><strong>obtruncat,</strong></span> <span class='ocrx_word' id='word_1_72' title='bbox 681 1233 809 1285; x_wconf 75' lang='lat' dir='ltr'><strong>Sacrator</strong></span> <span class='ocrx_word' id='word_1_73' title='bbox 832 1237 881 1300; x_wconf 75' lang='lat' dir='ltr'><strong>Hy·</strong></span> 
     </span>
    </p>

    <p class='ocr_par' dir='ltr' id='par_1_6' title="bbox 149 1326 879 1567">
     <span class='ocr_line' id='line_1_13' title="bbox 450 1326 556 1390; baseline 0.009 -17"><span class='ocrx_word' id='word_1_74' title='bbox 450 1326 556 1390; x_wconf 90' lang='lat' dir='ltr'><strong>daspen‚</strong></span> 
     </span>
     <span class='ocr_line' id='line_1_14' title="bbox 149 1412 879 1478; baseline -0.003 -13"><span class='ocrx_word' id='word_1_75' title='bbox 149 1415 368 1478; x_wconf 86' lang='lat' dir='ltr'><strong>Partheniumque</strong></span> <span class='ocrx_word' id='word_1_76' title='bbox 381 1415 455 1478; x_wconf 88' lang='lat' dir='ltr'><strong>Rapo</strong></span> <span class='ocrx_word' id='word_1_77' title='bbox 473 1421 499 1464; x_wconf 94' lang='lat' dir='ltr'><strong>et</strong></span> <span class='ocrx_word' id='word_1_78' title='bbox 510 1414 666 1478; x_wconf 88' lang='lat' dir='ltr'><strong>praedurum</strong></span> <span class='ocrx_word' id='word_1_79' title='bbox 679 1412 778 1462; x_wconf 82' lang='lat' dir='ltr'><strong>viribus</strong></span> <span class='ocrx_word' id='word_1_80' title='bbox 788 1413 879 1474; x_wconf 85' lang='lat' dir='ltr'><strong>Orsen,</strong></span> 
     </span>
     <span class='ocr_line' id='line_1_15' title="bbox 149 1502 847 1567; baseline 0.003 -15"><span class='ocrx_word' id='word_1_81' title='bbox 149 1505 282 1567; x_wconf 84' lang='lat' dir='ltr'><strong>Messapus</strong></span> <span class='ocrx_word' id='word_1_82' title='bbox 298 1502 472 1567; x_wconf 83' lang='lat' dir='ltr'><strong>Cloniumque</strong></span> <span class='ocrx_word' id='word_1_83' title='bbox 484 1502 697 1566; x_wconf 82' lang='lat' dir='ltr'><strong>Lycaoniumque</strong></span> <span class='ocrx_word' id='word_1_84' title='bbox 712 1503 847 1565; x_wconf 83' lang='lat' dir='ltr'><strong>Ericeten,</strong></span> 
     </span>
    </p>

    <p class='ocr_par' dir='ltr' id='par_1_7' title="bbox 81 1592 880 2012">
     <span class='ocr_line' id='line_1_16' title="bbox 81 1592 761 1657; baseline -0.006 -14"><span class='ocrx_word' id='word_1_85' title='bbox 81 1597 131 1644; x_wconf 89' lang='grc'><strong>750</strong></span> <span class='ocrx_word' id='word_1_86' title='bbox 150 1594 225 1642; x_wconf 90' lang='lat' dir='ltr'><strong>illum</strong></span> <span class='ocrx_word' id='word_1_87' title='bbox 237 1593 343 1642; x_wconf 89' lang='lat' dir='ltr'><strong>infrenis</strong></span> <span class='ocrx_word' id='word_1_88' title='bbox 358 1594 417 1657; x_wconf 91' lang='lat' dir='ltr'><strong>eqni</strong></span> <span class='ocrx_word' id='word_1_89' title='bbox 431 1594 505 1656; x_wconf 89' lang='lat' dir='ltr'><strong>lapsu</strong></span> <span class='ocrx_word' id='word_1_90' title='bbox 518 1593 610 1641; x_wconf 91' lang='lat' dir='ltr'><strong>tellure</strong></span> <span class='ocrx_word' id='word_1_91' title='bbox 623 1592 761 1652; x_wconf 88' lang='lat' dir='ltr'><strong>iacentem,</strong></span> 
     </span>
     <span class='ocr_line' id='line_1_17' title="bbox 150 1681 880 1746; baseline -0.004 -15"><span class='ocrx_word' id='word_1_92' title='bbox 150 1683 219 1732; x_wconf 89' lang='lat' dir='ltr'><strong>hunc</strong></span> <span class='ocrx_word' id='word_1_93' title='bbox 231 1684 344 1746; x_wconf 86' lang='lat' dir='ltr'><strong>peditem</strong></span> <span class='ocrx_word' id='word_1_94' title='bbox 356 1683 443 1746; x_wconf 88' lang='lat' dir='ltr'><strong>pedes.</strong></span> <span class='ocrx_word' id='word_1_95' title='bbox 473 1689 498 1731; x_wconf 91' lang='lat' dir='ltr'><strong>et</strong></span> <span class='ocrx_word' id='word_1_96' title='bbox 510 1681 604 1744; x_wconf 88' lang='lat' dir='ltr'><strong>Lycius</strong></span> <span class='ocrx_word' id='word_1_97' title='bbox 622 1690 790 1744; x_wconf 87' lang='lat' dir='ltr'><strong>processerat</strong></span> <span class='ocrx_word' id='word_1_98' title='bbox 803 1684 880 1746; x_wconf 85' lang='lat' dir='ltr'><strong>Agis:</strong></span> 
     </span>
     <span class='ocr_line' id='line_1_18' title="bbox 150 1769 853 1836; baseline 0.003 -16"><span class='ocrx_word' id='word_1_99' title='bbox 150 1788 227 1836; x_wconf 90' lang='lat' dir='ltr'><strong>quem</strong></span> <span class='ocrx_word' id='word_1_100' title='bbox 240 1781 326 1821; x_wconf 87' lang='lat' dir='ltr'><strong>tamen</strong></span> <span class='ocrx_word' id='word_1_101' title='bbox 339 1773 408 1821; x_wconf 91' lang='lat' dir='ltr'><strong>haud</strong></span> <span class='ocrx_word' id='word_1_102' title='bbox 422 1786 512 1834; x_wconf 85' lang='lat' dir='ltr'><strong>expers</strong></span> <span class='ocrx_word' id='word_1_103' title='bbox 526 1770 636 1819; x_wconf 86' lang='lat' dir='ltr'><strong>Valerus</strong></span> <span class='ocrx_word' id='word_1_104' title='bbox 649 1769 749 1817; x_wconf 85' lang='lat' dir='ltr'><strong>virtutis</strong></span> <span class='ocrx_word' id='word_1_105' title='bbox 766 1773 853 1822; x_wconf 88' lang='lat' dir='ltr'><strong>avitae</strong></span> 
     </span>
     <span class='ocr_line' id='line_1_19' title="bbox 151 1858 862 1921; baseline 0 -11"><span class='ocrx_word' id='word_1_106' title='bbox 151 1862 243 1920; x_wconf 83' lang='lat' dir='ltr'><strong>deicit3</strong></span> <span class='ocrx_word' id='word_1_107' title='bbox 264 1869 290 1909; x_wconf 87' lang='lat' dir='ltr'><strong>at</strong></span> <span class='ocrx_word' id='word_1_108' title='bbox 302 1861 447 1908; x_wconf 84' lang='lat' dir='ltr'><strong>Thronium</strong></span> <span class='ocrx_word' id='word_1_109' title='bbox 461 1859 555 1919; x_wconf 87' lang='lat' dir='ltr'><strong>Salius,</strong></span> <span class='ocrx_word' id='word_1_110' title='bbox 572 1858 725 1921; x_wconf 84' lang='lat' dir='ltr'><strong>Saliumque</strong></span> <span class='ocrx_word' id='word_1_111' title='bbox 737 1859 862 1921; x_wconf 85' lang='lat' dir='ltr'><strong>Nealces,</strong></span> 
     </span>
     <span class='ocr_line' id='line_1_20' title="bbox 149 1948 721 2012; baseline -0.005 -15"><span class='ocrx_word' id='word_1_112' title='bbox 149 1951 258 2012; x_wconf 85' lang='lat' dir='ltr'><strong>insignis</strong></span> <span class='ocrx_word' id='word_1_113' title='bbox 272 1950 356 1998; x_wconf 86' lang='lat' dir='ltr'><strong>iaculo</strong></span> <span class='ocrx_word' id='word_1_114' title='bbox 371 1958 396 1998; x_wconf 89' lang='lat' dir='ltr'><strong>et</strong></span> <span class='ocrx_word' id='word_1_115' title='bbox 408 1951 486 2011; x_wconf 85' lang='lat' dir='ltr'><strong>longe</strong></span> <span class='ocrx_word' id='word_1_116' title='bbox 499 1948 605 1996; x_wconf 84' lang='lat' dir='ltr'><strong>fallente</strong></span> <span class='ocrx_word' id='word_1_117' title='bbox 618 1949 721 2010; x_wconf 85' lang='lat' dir='ltr'><strong>sagitta.</strong></span> 
     </span>
    </p>

    <p class='ocr_par' dir='ltr' id='par_1_8' title="bbox 81 2037 877 2444">
     <span class='ocr_line' id='line_1_21' title="bbox 81 2037 842 2101; baseline 0.004 -14"><span class='ocrx_word' id='word_1_118' title='bbox 81 2041 130 2088; x_wconf 82' lang='lat'><strong>755</strong></span> <span class='ocrx_word' id='word_1_119' title='bbox 185 2039 240 2087; x_wconf 89' lang='lat' dir='ltr'><strong>Iam</strong></span> <span class='ocrx_word' id='word_1_120' title='bbox 253 2039 337 2100; x_wconf 86' lang='lat' dir='ltr'><strong>gravis</strong></span> <span class='ocrx_word' id='word_1_121' title='bbox 351 2038 480 2101; x_wconf 85' lang='lat' dir='ltr'><strong>aequabat</strong></span> <span class='ocrx_word' id='word_1_122' title='bbox 492 2039 576 2086; x_wconf 87' lang='lat' dir='ltr'><strong>luctus</strong></span> <span class='ocrx_word' id='word_1_123' title='bbox 590 2044 614 2086; x_wconf 91' lang='lat' dir='ltr'><strong>et</strong></span> <span class='ocrx_word' id='word_1_124' title='bbox 627 2043 718 2084; x_wconf 91' lang='lat' dir='ltr'><strong>mutua</strong></span> <span class='ocrx_word' id='word_1_125' title='bbox 730 2037 842 2090; x_wconf 85' lang='lat' dir='ltr'><strong>Mavors</strong></span> 
     </span>
     <span class='ocr_line' id='line_1_22' title="bbox 149 2125 808 2191; baseline 0.006 -16"><span class='ocrx_word' id='word_1_126' title='bbox 149 2127 248 2186; x_wconf 85' lang='lat' dir='ltr'><strong>funera,</strong></span> <span class='ocrx_word' id='word_1_127' title='bbox 265 2126 407 2176; x_wconf 88' lang='lat' dir='ltr'><strong>caedebant</strong></span> <span class='ocrx_word' id='word_1_128' title='bbox 420 2127 516 2191; x_wconf 85' lang='lat' dir='ltr'><strong>pariter</strong></span> <span class='ocrx_word' id='word_1_129' title='bbox 528 2127 674 2189; x_wconf 86' lang='lat' dir='ltr'><strong>pariterque</strong></span> <span class='ocrx_word' id='word_1_130' title='bbox 689 2125 808 2179; x_wconf 84' lang='lat' dir='ltr'><strong>ruebant</strong></span> 
     </span>
     <span class='ocr_line' id='line_1_23' title="bbox 149 2216 877 2279; baseline 0.003 -16"><span class='ocrx_word' id='word_1_131' title='bbox 149 2216 258 2265; x_wconf 87' lang='lat' dir='ltr'><strong>victores</strong></span> <span class='ocrx_word' id='word_1_132' title='bbox 272 2216 397 2279; x_wconf 82' lang='lat' dir='ltr'><strong>victique,</strong></span> <span class='ocrx_word' id='word_1_133' title='bbox 418 2231 502 2279; x_wconf 88' lang='lat' dir='ltr'><strong>neque</strong></span> <span class='ocrx_word' id='word_1_134' title='bbox 515 2216 555 2264; x_wconf 91' lang='lat' dir='ltr'><strong>his</strong></span> <span class='ocrx_word' id='word_1_135' title='bbox 569 2216 631 2277; x_wconf 82' lang='lat' dir='ltr'><strong>suga</strong></span> <span class='ocrx_word' id='word_1_136' title='bbox 643 2222 706 2262; x_wconf 88' lang='lat' dir='ltr'><strong>nota</strong></span> <span class='ocrx_word' id='word_1_137' title='bbox 719 2229 812 2279; x_wconf 88' lang='lat' dir='ltr'><strong>neque</strong></span> <span class='ocrx_word' id='word_1_138' title='bbox 826 2220 877 2269; x_wconf 87' lang='lat' dir='ltr'><strong>illis</strong></span> 
     </span>
     <span class='ocr_line' id='line_1_24' title="bbox 151 2304 746 2354; baseline -0.003 -1"><span class='ocrx_word' id='word_1_139' title='bbox 151 2305 176 2353; x_wconf 88' lang='lat' dir='ltr'><strong>di</strong></span> <span class='ocrx_word' id='word_1_140' title='bbox 190 2305 257 2352; x_wconf 92' lang='lat' dir='ltr'><strong>lovis</strong></span> <span class='ocrx_word' id='word_1_141' title='bbox 270 2306 296 2352; x_wconf 90' lang='lat' dir='ltr'><strong>in</strong></span> <span class='ocrx_word' id='word_1_142' title='bbox 311 2305 383 2354; x_wconf 87' lang='lat' dir='ltr'><strong>tectis</strong></span> <span class='ocrx_word' id='word_1_143' title='bbox 396 2305 462 2353; x_wconf 91' lang='lat' dir='ltr'><strong>iram</strong></span> <span class='ocrx_word' id='word_1_144' title='bbox 474 2305 628 2353; x_wconf 83' lang='lat' dir='ltr'><strong>miserantur</strong></span> <span class='ocrx_word' id='word_1_145' title='bbox 641 2304 746 2351; x_wconf 91' lang='lat' dir='ltr'><strong>inanem</strong></span> 
     </span>
     <span class='ocr_line' id='line_1_25' title="bbox 151 2391 797 2444; baseline 0.006 -3"><span class='ocrx_word' id='word_1_146' title='bbox 151 2394 286 2442; x_wconf 88' lang='lat' dir='ltr'><strong>amborum</strong></span> <span class='ocrx_word' id='word_1_147' title='bbox 299 2400 324 2442; x_wconf 92' lang='lat' dir='ltr'><strong>et</strong></span> <span class='ocrx_word' id='word_1_148' title='bbox 337 2400 422 2441; x_wconf 86' lang='lat' dir='ltr'><strong>tantos</strong></span> <span class='ocrx_word' id='word_1_149' title='bbox 436 2393 589 2442; x_wconf 90' lang='lat' dir='ltr'><strong>mortalibus</strong></span> <span class='ocrx_word' id='word_1_150' title='bbox 602 2407 658 2441; x_wconf 88' lang='lat' dir='ltr'><strong>esse</strong></span> <span class='ocrx_word' id='word_1_151' title='bbox 671 2391 797 2444; x_wconf 87' lang='lat' dir='ltr'><strong>labores:</strong></span> 
     </span>
    </p>

    <p class='ocr_par' dir='ltr' id='par_1_9' title="bbox 81 2480 849 2636">
     <span class='ocr_line' id='line_1_26' title="bbox 81 2480 849 2548; baseline 0.004 -15"><span class='ocrx_word' id='word_1_152' title='bbox 81 2486 131 2533; x_wconf 85' lang='grc'><strong>760</strong></span> <span class='ocrx_word' id='word_1_153' title='bbox 152 2483 212 2532; x_wconf 89' lang='lat' dir='ltr'><strong>hinc</strong></span> <span class='ocrx_word' id='word_1_154' title='bbox 224 2483 322 2541; x_wconf 89' lang='lat' dir='ltr'><strong>Venus,</strong></span> <span class='ocrx_word' id='word_1_155' title='bbox 338 2481 399 2530; x_wconf 92' lang='lat' dir='ltr'><strong>hinc</strong></span> <span class='ocrx_word' id='word_1_156' title='bbox 413 2489 503 2531; x_wconf 87' lang='lat' dir='ltr'><strong>contra</strong></span> <span class='ocrx_word' id='word_1_157' title='bbox 516 2489 615 2546; x_wconf 87' lang='lat' dir='ltr'><strong>spectat</strong></span> <span class='ocrx_word' id='word_1_158' title='bbox 628 2480 753 2530; x_wconf 88' lang='lat' dir='ltr'><strong>Saturnia</strong></span> <span class='ocrx_word' id='word_1_159' title='bbox 766 2484 849 2548; x_wconf 85' lang='lat' dir='ltr'><strong>Iuno,</strong></span> 
     </span>
     <span class='ocr_line' id='line_1_27' title="bbox 150 2571 776 2636; baseline 0.002 -16"><span class='ocrx_word' id='word_1_160' title='bbox 150 2573 250 2636; x_wconf 90' lang='lat' dir='ltr'><strong>pallida</strong></span> <span class='ocrx_word' id='word_1_161' title='bbox 263 2571 405 2634; x_wconf 83' lang='lat' dir='ltr'><strong>Tisiphone</strong></span> <span class='ocrx_word' id='word_1_162' title='bbox 418 2572 504 2620; x_wconf 89' lang='lat' dir='ltr'><strong>media</strong></span> <span class='ocrx_word' id='word_1_163' title='bbox 515 2572 583 2619; x_wconf 89' lang='lat' dir='ltr'><strong>inter</strong></span> <span class='ocrx_word' id='word_1_164' title='bbox 595 2571 667 2619; x_wconf 91' lang='lat' dir='ltr'><strong>milia</strong></span> <span class='ocrx_word' id='word_1_165' title='bbox 683 2572 776 2621; x_wconf 88' lang='lat' dir='ltr'><strong>saevit.</strong></span> 
     </span>
    </p>
   </div>
   <div class='ocr_carea' id='block_1_3' title="bbox 39 2658 802 2768">
    <p class='ocr_par' dir='ltr' id='par_1_10' title="bbox 39 2658 802 2768">
     <span class='ocr_line' id='line_1_28' title="bbox 39 2658 802 2768; baseline -0.014 -49"><span class='ocrx_word' id='word_1_166' title='bbox 39 2735 88 2768; x_wconf 48' lang='lat' dir='ltr'>k</span> <span class='ocrx_word' id='word_1_167' title='bbox 143 2671 174 2718; x_wconf 88' lang='lat' dir='ltr'><strong>at</strong></span> <span class='ocrx_word' id='word_1_168' title='bbox 186 2679 248 2716; x_wconf 79' lang='lat' dir='ltr'><strong>vero</strong></span> <span class='ocrx_word' id='word_1_169' title='bbox 261 2662 396 2729; x_wconf 84' lang='lat' dir='ltr'><strong>ingentem</strong></span> <span class='ocrx_word' id='word_1_170' title='bbox 409 2660 527 2726; x_wconf 85' lang='lat' dir='ltr'><strong>quatiens</strong></span> <span class='ocrx_word' id='word_1_171' title='bbox 538 2660 678 2709; x_wconf 81' lang='lat' dir='ltr'><strong>Mezentius</strong></span> <span class='ocrx_word' id='word_1_172' title='bbox 692 2658 802 2714; x_wconf 81' lang='lat' dir='ltr'><strong>hastam</strong></span> 
     </span>
    </p>
   </div>
   <div class='ocr_carea' id='block_1_4' title="bbox 0 0 915 2956">
    <p class='ocr_par' dir='ltr' id='par_1_11' title="bbox 0 0 915 2956">
     <span class='ocr_line' id='line_1_29' title="bbox 0 0 915 2956; baseline 0 0"><span class='ocrx_word' id='word_1_173' title='bbox 0 0 915 2956; x_wconf 95' lang='lat' dir='ltr'><strong> </strong></span> 
     </span>
    </p>
   </div>
  </div>
 </body>
</html>
