1816 2956
311 209 460 251 Alanamos
479 210 567 250 LIBER
582 213 602 250 1.
795 203 853 250 155)

128 367 160 416 ad
175 375 199 416 te
213 367 336 430 confugio
349 374 375 416 et
387 368 497 431 supplex
510 375 555 416 tua
567 369 675 417 numina
687 383 775 432 posco.

126 457 205 505 frater
217 462 246 503 ut
257 456 360 504 Aeneas
372 457 466 518 pelago
480 464 538 505 tuos
552 458 639 505 omnia
652 458 749 506 circum

128 547 206 596 litora
217 545 326 593 iactetur
339 545 405 593 odiis
417 546 525 594 Iunonis
539 547 652 609 iniquae,

127 643 191 683 nota
203 633 259 693 tibi,
274 641 300 682 et
311 641 400 682 nostro
415 634 519 682 doluisti
534 650 610 698 saepe
624 636 722 684 dolore.

55 730 107 774 670
127 726 197 772 hune
209 723 353 771 Phoenissa
365 730 435 770 tenet
446 722 516 770 Dido
530 723 683 786 blandisque
696 733 811 774 moratur

126 811 242 870 vocibus,
258 817 283 860 et
295 825 384 859 vereor
397 826 448 874 quo
462 826 489 860 se
501 812 614 860 Iunonia
626 821 726 862 vertant

128 901 256 964 hospitia3
275 899 344 948 haud
358 907 430 948 tanto
444 901 554 948 cessabit
566 902 670 950 cardine
683 917 777 950 rerum.

128 990 252 1054 quocirca
265 1003 356 1051 capere
369 996 429 1037 ante
443 989 509 1038 dolis
523 998 548 1038 et
561 991 664 1052 cingere
677 991 781 1040 flamma

127 1079 244 1140 reginam
257 1078 375 1136 meditor,
391 1093 476 1140 nequo
490 1094 517 1127 se
530 1080 635 1128 numine
649 1087 738 1139 mutet,

55 1173 107 1217 675
128 1168 172 1215 scd
185 1181 281 1228 magno
294 1167 398 1215 Aeneae
411 1182 512 1215 mecum
525 1153 642 1216 teneatur
655 1183 752 1216 amore.

128 1270 180 1319 qua
192 1255 276 1304 facere
289 1255 315 1302 id
328 1256 411 1318 possis
424 1265 539 1305 nostram
551 1272 620 1305 nunc
633 1257 720 1324 accipe
732 1264 852 1306 mentem.

128 1344 213 1406 regius
227 1345 311 1393 accitu
324 1345 376 1393 cari
389 1345 514 1407 genitoris
528 1347 560 1394 ad
574 1347 663 1394 urbem

129 1431 264 1482 Sidoniam
277 1448 341 1496 puer
353 1434 390 1482 ire
403 1441 485 1497 parat,
501 1450 559 1483 mea
572 1436 686 1483 maxima
699 1451 769 1494 cura,

128 1522 198 1570 dona
210 1522 293 1570 ferens
307 1523 400 1585 pelago
415 1531 439 1571 et
451 1524 560 1572 flammis
574 1526 697 1573 restantia
709 1525 817 1573 Troiae:

57 1616 108 1661 680
128 1612 197 1661 huuc
210 1626 259 1673 ego
272 1612 386 1674 sopitum
399 1627 490 1660 somno
504 1628 581 1676 super
594 1615 647 1661 ulta
661 1612 773 1675 Cythera

129 1707 173 1748 aut
185 1715 262 1763 super
274 1699 387 1748 Idalium
400 1708 500 1749 sacrata
513 1703 573 1750 sede
586 1704 734 1761 recondam,

129 1803 213 1851 nequa
226 1789 291 1837 scire
305 1790 379 1837 dolos
393 1791 523 1838 mediusve
537 1805 670 1840 occurrere
684 1791 773 1854 possit.

128 1885 156 1926 tu
169 1877 261 1926 faeiem
274 1879 343 1926 illius
357 1886 459 1927 noctem
473 1894 525 1927 non
540 1881 650 1942 amplius
665 1895 743 1928 unum

128 1966 190 2015 falle
204 1967 265 2015 dolo
280 1974 304 2015 et
316 1974 392 2016 notos
405 1969 478 2031 pueri
492 1984 556 2031 puer
568 1969 647 2018 indue
660 1971 753 2029 voltus,

56 2060 107 2105 685
129 2062 157 2102 nt
169 2070 228 2103 cum
241 2063 265 2104 te
278 2057 375 2117 gremio
390 2058 500 2120 accipiet
512 2058 653 2106 laetissima
665 2059 735 2106 Dido

126 2144 220 2206 regalis
233 2144 300 2193 inter
312 2161 413 2194 mensas
428 2147 581 2209 laticemque
594 2147 718 2210 Lyaeum,

129 2247 187 2281 cum
202 2233 273 2283 dabit
285 2236 420 2298 amplexus
433 2243 510 2298 atque
524 2237 613 2284 osenla
626 2237 713 2285 dulcia
725 2237 795 2300 figet,

128 2323 258 2371 oecultum
271 2323 380 2386 inspires
395 2324 481 2386 ignem
494 2325 621 2389 fallasque
634 2319 753 2375 veneno'

163 2411 241 2459 Paret
252 2413 335 2460 Amor
349 2413 422 2460 dietis
436 2428 511 2461 curae
524 2415 660 2475 genetricis
674 2423 698 2463 et
711 2416 766 2464 alas

57 2503 108 2548 690
128 2499 237 2548 exultet
249 2515 338 2562 gressu
351 2503 468 2562 gaudens
481 2503 578 2551 incedit
590 2504 648 2551 Iuli.

128 2595 155 2636 et
167 2588 255 2636 Venus
268 2590 383 2637 Ascanio
397 2591 526 2653 placidam
540 2607 585 2654 per
597 2592 713 2640 membra
726 2593 840 2655 quietem

127 2677 225 2740 inrigat
237 2684 262 2726 et
274 2677 355 2726 lotum
367 2680 468 2741 gremio
484 2681 534 2732 dea
546 2682 620 2732 tollit
630 2682 663 2730 in
674 2682 747 2730 altos
