1816 2956
289 211 458 251 GEORGICON
478 211 565 250 LIBER
582 213 623 250 111.

55 376 107 418 300
128 369 259 432 posthinc
273 369 402 430 digressus
415 368 491 416 iubeo
505 368 652 416 frondentia
666 369 749 430 capris

128 458 219 506 arbuta
232 457 348 506 sufficere
362 465 387 505 et
398 458 488 505 fluvios
502 457 623 520 praebere
637 464 760 516 recentes,

128 555 153 595 et
165 547 267 595 stabula
281 562 296 594 s
309 547 389 594 ventis
403 546 511 595 hiberno
525 561 657 609 opponere
670 546 719 594 soli

129 635 160 683 sd
175 636 289 684 medium
302 649 424 684 converse
437 622 513 693 diem,
530 650 588 683 cum
601 635 709 697 frigidus
721 634 785 682 olim
813 633 819 642 “

128 724 181 773 iam
194 724 263 772 cadit
276 731 442 787 extremoque
455 725 553 772 inrorat
566 724 687 787 aquarios
700 738 778 771 anno.

57 819 108 862 305
129 813 179 861 hue
192 827 296 876 quoque
309 828 362 860 non
376 829 438 862 eura
450 813 525 860 nobis
538 813 634 862 leviore
647 813 766 872 tuendae,

130 916 178 950 nec
190 902 275 950 minor
288 917 348 950 usus
362 903 418 961 erit,
434 901 550 964 quamvis
564 901 665 949 Milesia
678 916 773 963 magno

129 991 226 1039 vellera
238 998 369 1038 mutentur
381 991 473 1052 Tyrios
487 991 590 1038 incocta
602 989 723 1038 rubores:

130 1079 233 1128 densior
246 1079 307 1127 hinc
320 1079 431 1138 suboles,
447 1079 508 1126 hinc
521 1079 586 1139 largi
601 1079 677 1140 copia
690 1078 780 1137 lactis3

131 1184 209 1231 quum
221 1169 304 1230 magis
318 1168 444 1216 exhausto
457 1168 613 1230 spumaverit
625 1167 702 1215 ubere
719 1167 837 1226 mulctra,

59 1263 112 1305 310
132 1257 200 1305 laeta
212 1257 294 1319 magis
309 1257 401 1319 pressis
415 1257 558 1304 manabunt
569 1257 676 1304 flumina
688 1256 816 1304 mammis.

132 1361 179 1394 nec
192 1346 276 1393 minus
290 1346 389 1393 intereo
401 1345 494 1393 hurbes
508 1346 652 1408 incanaque
664 1353 752 1393 menta

133 1435 254 1498 Cinyphii
268 1435 376 1482 tondent
389 1434 453 1483 hirci
466 1441 602 1497 saetasque
615 1442 745 1482 comentes

132 1538 207 1571 usum
220 1523 247 1570 in
261 1531 403 1572 castrorum
417 1532 441 1572 et
454 1524 553 1572 miseris
566 1524 695 1572 velamina
708 1524 801 1571 nautis.

132 1619 273 1675 pascuntur
285 1627 345 1660 vero
359 1613 436 1660 silvas
449 1620 475 1661 et
486 1627 587 1660 summa
599 1612 694 1675 Lycaei

60 1706 111 1750 315
132 1701 312 1764 horrentisque
325 1701 402 1749 rubos
416 1709 440 1750 et
453 1701 563 1749 amantis
578 1703 659 1749 ardue
672 1702 773 1760 dumos,

132 1797 209 1852 atque
221 1791 293 1853 ipsae
305 1805 431 1838 memores
444 1791 552 1838 redeunt
565 1791 591 1838 in
605 1797 673 1839 tecte
685 1805 796 1853 suosque

132 1878 230 1927 ducunt
242 1887 267 1928 et
279 1880 386 1941 gravido
400 1887 523 1942 superant
535 1880 577 1926 vix
589 1879 668 1927 ubere
681 1879 769 1928 limen.

133 1983 194 2030 ergo
209 1968 279 2016 omni
293 1968 377 2016 studio
391 1968 501 2029 glaciem
515 1976 654 2031 ventosque
668 1967 768 2026 nivalis,

133 2072 185 2120 quo
199 2057 284 2105 minor
296 2065 334 2105 est
348 2058 399 2105 illis
414 2073 489 2106 curuo
503 2058 619 2105 mortuiis
633 2065 741 2119 egestus,

60 2154 113 2196 320
133 2154 230 2195 avertes
244 2147 389 2208 victumque
403 2147 467 2195 seres
482 2153 507 2195 et
519 2147 606 2209 virgea
618 2147 700 2195 luctus

133 2235 238 2298 pabula,
254 2250 302 2284 nec
315 2242 368 2284 tota
381 2237 485 2284 claudes
499 2236 604 2284 faenilia
617 2236 718 2287 bruma.

134 2332 232 2372 atvero
246 2325 362 2387 zephyris
376 2341 433 2373 cum
448 2325 516 2373 loeta
528 2325 679 2373 vocantibus
693 2332 776 2373 aestas

133 2413 159 2460 in
173 2414 253 2461 saltus
266 2420 404 2475 utrumque
417 2429 522 2476 gregem
535 2422 612 2476 utque
625 2415 651 2460 in
663 2427 760 2476 pascua
766 2411 857 2469 mittet,

133 2502 246 2550 Luciferi
259 2502 342 2564 primo
356 2518 415 2550 cum
428 2503 511 2551 sidere
524 2503 618 2565 frigida
632 2517 691 2549 rura

60 2597 112 2639 325
134 2605 284 2654 carpamus,
308 2592 367 2639 dum
389 2607 464 2640 manc
482 2607 592 2650 novom,
615 2592 676 2638 dum
689 2589 807 2653 gramine
820 2604 860 2637 cs·

432 2688 504 2742 nent,
