1816 2956
266 114 414 153 AENEIDOS
429 115 517 153 lilaea
534 116 584 154 vll.
764 107 800 153 34
809 109 823 154 9

98 270 211 329 Virbius,
227 272 355 332 insignem
369 285 444 332 quem
458 279 539 319 mater
552 272 641 319 Aricia
653 273 730 330 misit,

99 361 218 408 eductum
231 360 339 420 Egeriae
353 361 418 407 lucis
432 360 546 407 umentia
560 361 656 408 circum

99 449 184 512 litora,
200 449 303 510 pinguis
317 448 360 494 ubi
375 455 399 495 et
412 448 548 510 placabilis
562 464 607 497 ara
619 449 728 498 Dianae.

51 542 78 585 55
99 552 211 599 namque
228 537 312 585 serunt
331 537 401 584 fama
414 536 597 599 Hippolytum,
619 546 756 600 postquam
774 547 829 588 arte

400 639 526 673 novercae

100 715 223 763 occiderit
235 713 383 776 patriasque
397 713 506 776 explerit
519 714 644 775 sanguine
658 729 755 775 poenas

100 784 207 851 turbatis
222 803 358 849 distractus
372 803 453 864 equis,
469 802 501 848 ad
516 803 601 850 sidera
613 817 700 850 rursus

100 891 213 939 aetheria
227 899 252 937 et
264 905 368 952 superas
382 891 447 938 caeli
460 892 559 939 venisse
573 891 619 939 sub
634 907 719 950 auras,

99 979 219 1026 Paeoniis
233 988 380 1027 revocatum
394 979 479 1027 herbis
494 987 518 1027 et
531 995 619 1028 amore
632 980 742 1029 Dianae.

51 1072 81 1116 70
101 1077 154 1115 tum
179 1074 251 1129 pater
275 1068 452 1129 omnipotens,
485 1069 598 1130 aliquem
622 1068 771 1130 indignatus
795 1070 827 1118 ab

402 1156 498 1204 umbris

100 1245 236 1293 mortalem
248 1244 355 1291 infernis
368 1245 400 1291 ad
414 1245 513 1293 lumina
527 1259 635 1305 surgere
643 1245 718 1306 vitae,

100 1335 155 1397 ipse
168 1341 324 1396 repertorem
336 1333 480 1381 medicinae
493 1333 552 1380 talis
566 1340 591 1381 et
603 1335 664 1381 artis

101 1424 209 1471 fulmine
221 1422 416 1484 Phoebigenam
430 1421 533 1484 Stygias
547 1423 655 1470 detrusit
668 1423 700 1470 ad
716 1424 798 1471 undas

102 1519 128 1558 at
140 1511 228 1558 Trivia
240 1510 409 1572 Hippolytum
422 1511 525 1560 secretis
539 1511 608 1558 alma
620 1511 737 1558 recondit

51 1604 82 1648 75
101 1599 204 1647 sedibus
218 1606 243 1647 et
255 1599 383 1661 nymphae
396 1599 504 1660 Egeriae
518 1599 668 1661 nemorique
681 1599 787 1660 relegat,

103 1689 173 1735 solus
186 1686 229 1733 ubi
242 1686 269 1732 in
283 1687 352 1733 silvis
366 1687 439 1735 Italis
452 1687 575 1748 ignobilis
589 1701 680 1734 aevom

103 1775 216 1835 exigeret
228 1789 352 1836 versoque
365 1775 408 1822 ubi
422 1777 527 1823 nomine
539 1775 644 1823 Virbius
658 1783 732 1824 esset.

102 1863 170 1909 unde
184 1862 262 1909 etiam
273 1864 369 1925 templo
383 1864 484 1911 Triviae
497 1864 614 1926 lucisque
627 1865 734 1912 sacratis

103 1951 253 2014 cornipedes
267 1959 385 1999 arcentur
399 1952 466 2014 equi,
483 1953 552 2014 quod
565 1953 639 2001 litore
653 1967 755 2001 currum

50 2045 83 2088 80
103 2048 128 2088 et
139 2040 258 2088 iuvenem
270 2040 390 2087 monstris
403 2041 489 2102 pavidi
503 2040 615 2089 effudere
629 2042 744 2090 marinis.

103 2130 169 2176 filius
184 2129 295 2176 ardentis
309 2128 377 2175 haud
392 2131 469 2177 setius
483 2144 595 2192 aequore
609 2131 693 2193 campi

103 2218 238 2266 exercebat
251 2232 330 2280 equos
344 2233 471 2280 curruque
484 2219 511 2266 in
524 2218 594 2267 bella
605 2218 704 2266 ruebat.

137 2306 195 2368 Ipse
207 2306 274 2354 inter
287 2307 383 2368 primos
396 2308 536 2370 praestanti
550 2321 656 2369 corpore
669 2308 772 2356 Turnus

102 2395 207 2441 vertitur
220 2410 291 2443 arma
304 2404 393 2444 tenens
407 2404 431 2444 et
443 2403 498 2445 toto
511 2396 609 2445 vertice
620 2403 740 2457 supra-st.

51 2487 79 2528 95
98 2483 140 2527 cui
152 2483 248 2544 triplici
261 2485 356 2536 crinita
369 2486 435 2540 iuba
449 2489 531 2554 galea
545 2488 603 2536 alta
616 2483 807 2533 Chimaeram

81 2568 199 2628 Wffl'sseb
215 2575 359 2628 Aetnaeos
376 2581 525 2632 efflantem
540 2575 679 2628 lancibus
688 2562 785 2625 ignis,
