1816 2956
94 377 132 429 te
331 385 357 431 e.
374 385 496 431 vnaetm
514 385 645 431 Mauorte

161 549 201 595 eol
215 547 262 595 tibi
275 548 351 610 signa
363 547 443 596 dabit.
471 543 553 595 solem
566 546 624 609 quis
637 546 722 596 dicere
735 547 831 596 falsum
880 539 882 544 ’

162 637 272 685 audeat?
297 637 343 685 ille
356 637 434 685 etiam
447 650 537 684 caecos
550 636 645 685 instare
658 637 783 711 tumultus

91 732 141 774 465
161 741 238 788 saepe
266 733 354 774 monet
382 725 550 787 fraudemque
579 731 605 772 et
628 734 718 787 operta
747 733 888 776 tumescere

461 813 540 860 bella.

161 903 207 948 ille
220 901 298 948 etiam
312 901 425 948 extincto
439 901 575 969 miseratus
589 899 701 949 Caesare
713 900 834 959 Romam,

163 1004 221 1036 cum
235 995 312 1051 caput
324 987 434 1035 obscura
447 987 557 1034 nitidum
570 987 699 1048 ferrugine
712 989 777 1035 texit

161 1076 292 1138 impiaque
306 1081 436 1124 aeternam
450 1075 590 1123 timuerunt
601 1076 706 1124 saecula
718 1083 832 1124 noctem.

161 1173 276 1228 tempore
295 1179 453 1227 quamquam
470 1164 517 1211 illo
531 1164 607 1212 tellus
620 1178 724 1226 quoque
737 1171 763 1212 et
776 1179 889 1227 aequora

463 1253 535 1314 ponti

91 1350 141 1393 470
162 1343 340 1404 obscenaeque
354 1355 430 1389 canes
443 1341 648 1403 inportunaeque
666 1342 784 1390 volueres

162 1433 237 1493 signa
256 1430 361 1479 dabant.
401 1429 520 1492 quotiens
546 1427 690 1491 Cyclopum
716 1431 839 1480 effervere
864 1432 889 1479 in

463 1533 539 1579 agros

161 1608 270 1655 vidimus
283 1608 424 1655 undantem
437 1608 518 1670 ruptis
532 1607 679 1655 fornacibus
692 1609 807 1656 Aetnam

161 1698 374 1758 flammarumque
386 1695 478 1757 globos
493 1696 683 1758 liquefactaque
695 1697 799 1746 volvere
812 1699 887 1746 saxa!

161 1801 291 1835 armorum
304 1786 417 1833 sonitum
431 1792 485 1832 toto
499 1782 638 1832 Germania
657 1786 729 1834 caelo

90 1882 140 1925 475
162 1875 251 1933 audiit,
268 1875 380 1922 insolitis
394 1880 552 1921 tremuerunt
565 1874 677 1920 motibus
690 1875 781 1936 Alpes.

161 1980 211 2012 vox
225 1979 328 2027 quoque
342 1978 388 2026 per
401 1964 474 2010 lucos
488 1962 565 2023 volgo
579 1963 702 2010 exaudita
713 1963 821 2011 silentes

161 2055 252 2115 ingens
266 2060 291 2100 ct
304 2052 443 2099 simulacra
456 2051 539 2098 modis
553 2052 678 2113 pallentia
690 2051 761 2098 miris

161 2144 215 2190 visa
228 2141 274 2189 sub
288 2141 427 2188 obscurum
441 2139 534 2199 noctis,
550 2140 714 2201 pecudesque
728 2140 835 2189 locutae

161 2230 330 2295 (infandum).
365 2229 459 2276 sistunt
472 2243 560 2276 amnes
573 2236 706 2290 terraeque
721 2228 860 2277 dehiseunt

90 2328 141 2370 480
162 2328 188 2368 et
208 2327 334 2367 maestum
354 2318 501 2365 inlacrimat
520 2317 622 2378 templis
641 2317 704 2364 ebur
721 2332 836 2380 aeraque
854 2335 892 2366 su·

464 2406 533 2453 dant.

162 2497 260 2560 proluit
272 2497 365 2545 insano
379 2501 552 2556 contorquens
565 2494 658 2542 vertice
672 2494 749 2542 silvas

161 2586 297 2634 fluviorum
310 2599 356 2633 rex
368 2584 496 2632 Eridanus
511 2597 667 2644 camposque
680 2597 725 2644 per
737 2597 830 2633 omues

158 2691 217 2722 cum
230 2675 341 2724 stabulis
356 2681 475 2722 armenta
489 2671 558 2720 tulit.
584 2685 632 2718 nec
645 2679 760 2732 tempore
774 2652 869 2721 eodem

140 2764 266 2814 tristibus
281 2774 330 2817 aut
344 2765 415 2816 extis
430 2763 516 2813 librae
530 2760 660 2823 adparere
669 2758 787 2804 minaces

43 2850 102 2894 485
124 2860 179 2904 aut
191 2859 291 2918 puteis
306 2873 428 2909 manare
445 2868 529 2907 eruor
545 2845 663 2899 cessauit
674 2851 703 2892 et
714 2841 787 2886 altae
