1816 2956
280 184 428 224 aanmnos
449 185 536 224 nisan
554 185 573 224 1.
767 173 824 222 14³

98 343 192 406 impius
205 349 264 391 ante
277 357 334 391 aras
348 349 425 404 atque
438 342 493 390 auri
508 357 598 390 caecus
612 356 700 390 amore

51 438 79 480 50
100 432 167 480 clam
181 431 247 480 ferro
261 432 394 480 incautum
407 439 519 494 superat,
536 446 640 480 securus
654 446 771 480 amorum

98 535 253 583 germanae3
272 520 420 582 factumque
433 520 477 567 diu
491 520 583 568 celavit
595 527 620 568 et
632 535 737 583 aegram

98 610 182 658 multa
194 610 277 657 malus
291 609 416 656 simulans
429 623 497 657 vana
508 624 554 671 spe
566 609 628 657 lusit
641 617 779 659 amantem.

98 699 157 762 ipsa
169 700 213 746 sed
227 699 254 746 in
267 699 364 746 somnis
376 698 503 746 inhumati
516 698 586 745 venit
598 699 684 760 imago

99 788 228 849 coniugis,
244 801 291 836 ora
301 787 386 835 modis
400 788 521 836 attollens
534 787 634 850 pallida
646 789 717 837 miris

51 881 79 926 55
100 876 212 925 crudelis
226 891 283 924 aras
296 877 454 939 traiectaque
467 883 572 939 pectora
585 876 652 925 ferro

71 1006 74 1011 ⁴
100 965 208 1014 nudavit
221 979 377 1026 caecumque
391 967 483 1013 domus
496 966 581 1014 scelus
594 980 671 1014 omne
684 967 784 1014 retexit.

99 1060 155 1102 tum
168 1054 281 1102 celerare
293 1053 381 1115 fugam
395 1055 530 1117 patriaque
543 1055 667 1102 excedere
680 1055 771 1103 suadet

101 1143 280 1205 auxiliumque
292 1143 348 1190 viae
361 1143 452 1191 veteris
465 1144 558 1192 tellure
571 1143 682 1191 recludit

100 1231 244 1290 thesauros,
260 1232 379 1293 ignotum
392 1233 491 1294 argenti
504 1233 606 1295 pondus
620 1239 645 1280 et
657 1233 722 1280 auri.

51 1326 82 1370 50
101 1320 142 1369 his
156 1328 287 1369 commota
299 1321 388 1382 fugam
400 1321 470 1369 Dido
484 1322 620 1384 sociosque
634 1321 751 1384 parabat.

102 1410 258 1458 conveniunt
272 1409 364 1472 quibus
378 1418 422 1458 aut
434 1411 523 1459 odium
537 1411 641 1460 crudele
657 1411 758 1474 tyranni

102 1505 148 1548 aut
159 1507 242 1547 metus
256 1514 315 1548 acer
327 1506 398 1559 erat3
416 1515 494 1548 naves
508 1516 575 1563 quae
588 1500 653 1549 sorte
666 1506 771 1563 paratae
835 1498 837 1502 ’

103 1587 247 1651 corripiunt
259 1596 419 1650 onerantque
432 1604 510 1648 auro;
529 1596 666 1651 portantur
678 1590 747 1637 arari

101 1677 280 1739 Pygmalionis
294 1692 356 1740 opes
370 1679 480 1740 pelag03
499 1679 552 1726 dux
565 1678 661 1726 femina
674 1678 745 1726 facti.

51 1771 82 1814 55
102 1766 227 1814 devenere
241 1766 313 1813 locos
326 1765 370 1813 ubi
384 1782 452 1815 nunc
466 1767 581 1828 ingentia
594 1768 676 1816 cernis

101 1855 206 1903 moenia
218 1862 417 1917 surgentemque
430 1870 512 1904 novae
524 1856 693 1918 Karthaginis
707 1870 801 1914 arcem,

102 1943 261 2005 mercatique
274 1944 368 2002 solnm,
384 1944 445 1992 facti
459 1945 490 1992 de
503 1945 607 1993 nomine
620 1945 737 2007 Byrsam,

102 2031 205 2079 taurino
220 2039 344 2094 quantum
357 2040 463 2095 possent
476 2033 634 2082 circumdare
648 2041 729 2096 tergo.

102 2120 148 2169 sed
161 2135 206 2168 vos
220 2121 264 2182 qui
277 2123 390 2180 tandem,
407 2121 500 2185 quibus
514 2129 558 2170 aut
570 2123 673 2171 venistis
687 2123 719 2171 ab
733 2125 793 2184 oris,

51 2215 84 2260 70
103 2223 187 2272 quove
200 2210 291 2257 tenetis
304 2210 352 2258 iter
358 2202 378 2258 l'
404 2212 536 2273 quaerenti
550 2212 644 2260 talibus
657 2213 701 2261 ille

102 2299 235 2361 suspirans
249 2299 354 2360 imoque
367 2299 471 2348 trahens
485 2317 501 2349 a
513 2308 617 2363 pectore
630 2317 728 2350 vocem.

137 2387 169 2436 ‘0
184 2388 241 2446 dea,
257 2387 277 2434 si
291 2387 374 2450 prima
386 2396 504 2450 repetens
518 2391 550 2437 ab
564 2391 665 2452 origine
678 2405 792 2453 pergam,

102 2483 128 2523 et
139 2483 213 2523 vacet
225 2477 326 2524 annalis
340 2485 486 2526 nostrorum
500 2480 589 2528 audire
603 2480 730 2538 laborum,

102 2570 162 2612 anta
177 2564 244 2612 dicm
258 2566 347 2613 clauso
361 2575 491 2628 conponat
504 2569 602 2631 Vesper
615 2568 736 2631 Olympo.

51 2656 81 2703 75
101 2667 151 2702 noa
164 2653 244 2703 Troia
256 2655 372 2717 antiqua,
387 2655 407 2703 si
422 2663 519 2708 vestras
532 2657 600 2709 forte
612 2673 660 2725 per
674 2672 754 2708 aures
