1816 2956
99 191 157 238 118
334 199 360 238 P.
377 198 498 239 VERGILI
517 196 648 239 uhaouts

95 361 145 404 305
166 357 216 404 hoe
229 356 325 418 geritur
337 355 453 418 zephyris
466 357 578 419 primum
594 355 778 419 inpellentibus
796 358 889 417 undas,

166 452 225 494 ante
238 444 311 492 novis
324 443 433 493 rubeant
445 459 524 508 quam
536 451 610 508 prata
624 444 762 504 coloribus,
778 453 838 494 ante

165 534 270 596 garrula
283 548 361 596 quam
374 532 451 594 tignis
462 532 553 581 nidum
565 533 707 595 suspendat
719 534 841 582 hirundo.

165 623 263 671 interea
275 623 368 670 teneris
381 622 520 685 tepefactus
533 623 561 669 in
574 622 675 669 ossibus
687 636 763 669 umor

166 716 303 758 aestuatet
314 711 420 757 visenda
432 711 516 756 modis
529 711 654 756 animalia
666 710 746 766 miris,

95 804 146 847 310
165 805 257 846 trunca
268 799 363 861 pedum
376 797 468 860 primo,
484 811 545 844 mox
558 803 584 844 et
595 795 730 843 stridentia
741 795 837 857 pinnis,

161 887 304 935 miscentur
316 893 470 947 tenuemque
482 884 566 946 magis
579 884 662 945 magis
676 898 736 932 aera
749 892 868 947 carpunt,

167 977 250 1024 donec
259 982 291 1022 ut
304 975 404 1024 aestivis
419 974 513 1023 effusus
526 972 638 1021 nubibus
651 972 733 1020 imber

166 1078 272 1127 erupere
285 1071 330 1113 aut
341 1070 370 1111 ut
382 1077 460 1111 nervo
473 1063 592 1125 pulsante
604 1060 722 1122 sagittae,

165 1153 249 1215 prima
261 1152 328 1200 leves
341 1152 431 1200 ineunt
443 1150 570 1213 siquando
584 1150 684 1212 proelia
696 1149 795 1196 Parthi.

95 1245 145 1288 315
202 1239 266 1300 Quis
280 1242 342 1289 deus
359 1241 440 1299 hane,
460 1253 562 1298 musae,
583 1239 639 1301 quis
653 1236 727 1285 nobis
741 1239 842 1286 extudit
855 1253 893 1287 ar·

383 1349 385 1357 v
465 1328 534 1376 tem?

166 1418 234 1466 unde
246 1431 314 1466 nova
325 1417 454 1479 ingressus
468 1416 602 1464 hominum
615 1415 773 1478 experientia
786 1416 872 1478 oepit?

165 1513 252 1569 pastor
265 1506 398 1554 Aristaeus
410 1505 512 1566 fugiens
525 1503 622 1553 Peneia
634 1503 740 1566 Tempe,

166 1595 273 1654 amissis,
288 1601 317 1642 ut
330 1593 407 1653 faura,
424 1593 515 1655 apibus
528 1592 671 1655 morboque
683 1593 812 1655 fameque,

165 1683 243 1730 tristis
257 1683 289 1730 ad
302 1682 408 1730 extremi
422 1696 524 1729 sacrum
537 1689 614 1744 eaput
627 1681 726 1729 adstitit
738 1681 832 1740 amnis,

95 1777 146 1819 ³20
165 1772 247 1819 multa
256 1777 460 1833 ‘querensatque
473 1770 522 1818 hae
535 1771 636 1818 adfatus
649 1784 711 1818 voco
724 1778 867 1832 parentem.

161 1850 262 1918 ‘maten
279 1857 377 1920 Cyrene
390 1866 480 1917 mater,
497 1873 562 1920 quae
575 1858 684 1920 gurgitis
697 1858 773 1906 huius

165 1949 217 1996 ima
230 1954 309 2005 tenes,
326 1946 391 2008 quid
401 1961 442 1995 me
454 1948 589 2009 praeclara
602 1947 679 2009 stirpe
693 1947 800 1995 deorum

148 2035 198 2098 ·(si
216 2035 308 2094 modo,
329 2050 405 2097 quem
423 2035 556 2098 perhibes,
575 2044 648 2099 pater
665 2042 703 2084 est
715 2036 894 2098 Thymbraeus

465 2124 575 2188 Apollo)

166 2212 276 2260 invisum
289 2212 347 2260 fatis
360 2213 490 2274 genuisti?
511 2219 555 2261 aut
568 2228 619 2275 quo
633 2212 679 2260 tibi
692 2214 773 2261 nostri

95 2306 145 2349 325
165 2301 253 2363 pulsus
268 2301 358 2348 amor?
377 2301 439 2364 quid
452 2316 493 2350 me
507 2301 607 2349 caelum
620 2317 722 2364 sperare
734 2302 861 2350 iubebas?

166 2403 197 2437 en
211 2390 287 2437 etiam
301 2389 370 2436 hunc
383 2389 468 2451 ipsum
482 2391 548 2438 vitae
561 2391 677 2438 mortalis
691 2391 826 2449 honorem,

166 2491 242 2540 quem
255 2477 318 2524 mibi
331 2477 374 2524 vix
386 2477 488 2539 frugum
502 2485 526 2526 et
537 2479 665 2540 pecudum
672 2479 794 2527 'custodia
803 2481 895 2530 sollers

166 2566 253 2613 omnia
266 2565 400 2629 temptanti
414 2567 556 2626 extuderat,
572 2574 597 2615 te
610 2575 691 2616 matre
704 2568 833 2631 relinquo.

165 2653 227 2716 quin
242 2669 290 2717 age
303 2661 328 2703 et
339 2655 396 2718 ipsa
408 2669 488 2703 manu
500 2655 588 2704 felices
602 2670 662 2704 erue
675 2656 761 2716 silvas,
