1816 2956
95 165 154 215 500
331 177 357 216 r.
373 176 496 216 tunorm
515 175 646 216 aanonrs

163 347 352 395 conversaeque
364 338 442 380 ruont
454 332 537 393 acies3
558 333 606 381 fert
618 333 728 395 impetus
741 334 830 396 ipsum

88 425 139 470 370
158 428 184 469 et
197 422 300 469 cristam
313 422 420 469 adverso
434 436 509 469 curru
524 422 607 483 quatit
619 437 682 470 aura
694 423 838 471 volantem.

159 524 211 557 non
224 510 284 557 tulit
292 511 431 557 instantem
438 509 556 571 Phegeus
567 510 711 572 animisque
722 509 874 560 frementem

159 597 254 646 obiecit
266 612 321 646 sese
335 598 367 646 ad
381 613 484 646 currum
497 605 523 646 et
534 599 681 661 spumantia
695 599 774 648 frenis

159 701 205 734 ora
218 687 355 735 citatorum
368 686 459 734 dextra
471 686 579 734 detorsit
592 700 726 748 equorum.

160 775 221 823 dum
235 775 344 823 trahitur
356 774 502 836 pendetque
515 775 596 836 iugis,
616 775 685 822 hunc
698 776 753 824 lata
766 784 874 826 retectus

88 867 138 912 375
158 864 249 912 lancea
262 863 427 925 consequitur
440 863 587 925 rumpitque
599 863 680 910 infixa
693 863 800 913 bilicem

159 953 266 1000 loricam
279 958 304 1000 et
316 966 445 999 summurn
458 951 578 1012 degustat
590 951 693 999 volnere
708 967 813 1015 corpus,

158 1041 205 1089 ille
218 1047 305 1088 tamen
319 1040 403 1102 clipeo
417 1039 518 1087 obiecto
532 1055 668 1088 conversus
681 1041 708 1087 in
722 1041 827 1091 hostem

157 1129 212 1176 ibat
224 1135 249 1177 et
262 1129 388 1177 auxilium
401 1129 478 1176 ducto
491 1143 614 1177 mucrone
627 1128 739 1191 petebat,

160 1233 217 1266 cnm
231 1224 288 1264 rota
300 1218 466 1281 praeeipitem
480 1223 505 1265 et
517 1231 642 1280 procursu
655 1218 774 1266 concitus
787 1221 846 1268 axis

89 1310 139 1354 380
159 1306 253 1368 inpulit
266 1306 424 1368 effunditque
438 1307 494 1353 solo
508 1305 662 1368 Turnusque
678 1313 783 1356 secutus

158 1394 238 1443 imam
250 1395 317 1442 inter
329 1396 432 1456 galeam
444 1394 535 1441 summi
551 1394 662 1443 thoracis
676 1401 702 1442 et
715 1410 776 1445 oras

159 1482 265 1530 abstulit
278 1498 338 1531 ense
352 1490 429 1546 caput
442 1491 611 1546 truncumque
624 1484 729 1546 reliquit
743 1485 866 1535 harenae.

194 1573 281 1634 Atque
295 1587 325 1619 ea
339 1573 400 1619 dum
414 1572 511 1634 campis
525 1573 605 1619 victor·
619 1573 662 1620 dat
675 1572 875 1622 suneraTurnnr

160 1660 257 1708 interea
270 1661 377 1708 Aenean
390 1661 539 1708 Mnestheus
553 1670 578 1708 et
591 1661 656 1708 lidus
669 1661 786 1711 Achates

90 1753 140 1796 385
160 1749 340 1811 Ascaniusque
354 1764 439 1797 comes
453 1749 541 1796 castris
555 1757 665 1797 statuere
679 1760 827 1811 cruentum,

160 1839 272 1885 alternos
287 1839 366 1898 longa
379 1838 503 1884 nitentem
516 1838 621 1899 cuspide
634 1853 747 1899 gressus.

160 1927 240 1973 suevit
252 1934 277 1972 et
289 1926 399 1974 infracta
412 1927 523 1973 luctatur
536 1926 679 1974 harundine
693 1928 776 1975 telum

161 2014 257 2074 eripere
271 2015 420 2076 auxilioque
433 2015 499 2061 viam
514 2029 579 2076 quae
593 2016 711 2076 proxima
724 2018 829 2078 poscit3

160 2116 220 2150 ense
234 2110 320 2149 secent
334 2104 386 2150 late
401 2104 491 2150 volnus
506 2104 601 2165 telique
617 2104 728 2151 latebras

91 2196 141 2238 390
161 2190 308 2238 rescindunt
321 2192 422 2253 penitus
435 2207 542 2253 seseque
556 2192 582 2238 in
596 2192 664 2240 holla
677 2193 824 2243 remittant.

160 2279 264 2340 iamque
277 2280 365 2327 aderat
379 2279 484 2326 Phoebo
499 2289 557 2328 ante
571 2281 636 2329 alios
650 2280 760 2329 dilectus
775 2282 848 2346 lapis

161 2366 268 2425 lasides,
284 2368 335 2415 acri
350 2368 482 2429 qnondam
496 2369 536 2416 cui
550 2376 639 2431 captus
653 2384 742 2417 amore

156 2455 213 2523 ipsc
227 2470 286 2507 suns
301 2463 376 2514 artes,
392 2470 438 2503 sua
451 2471 566 2515 munera,
583 2458 664 2505 laetus
678 2458 780 2519 Apollo

150 2553 299 2619 angurium
314 2550 500 2613 citharamque
512 2547 591 2595 duhut
601 2546 739 2605 celerisque
749 2549 872 2607 sagittas:

60 2648 118 2696 ³95
143 2650 202 2716 ille,
224 2661 255 2704 ut
270 2644 397 2718 depositi
412 2641 546 2708 prolerret
557 2636 616 2684 luta
624 2631 749 2696 parentis„
