1816 2956
261 196 431 238 ettonfflcon
447 197 535 236 LIBER
551 197 583 236 11.

39 363 69 405 45
90 356 152 405 hinc
165 355 276 404 bellator
289 370 349 404 ecus
363 369 456 416 campo
469 369 525 402 sose
538 354 633 401 arduos
647 353 732 414 insert,

90 446 152 494 hinc
167 445 229 504 albi,
246 443 387 499 Clitumne‚
402 458 493 505 greges
508 451 533 491 et
545 444 660 491 maxima
672 452 760 490 taurus

91 534 195 583 victima
207 548 284 596 saepe
296 541 342 581 tuo
355 532 451 596 perfusi
464 532 570 580 flumine
582 546 656 580 sacro

90 623 223 671 &manos
237 623 269 670 ad
283 621 380 684 templa
393 622 470 670 dcum
483 622 580 669 (luxere
593 621 747 684 triumphos.

90 713 134 761 liic
146 727 189 761 ver
201 712 339 760 adsiduum
352 719 429 774 utque
443 711 533 758 alienis
547 710 677 758 mensibus
691 717 791 769 aestas3

39 809 71 850 50
91 801 130 849 bis
144 801 265 863 gravidae
278 800 398 863 pecudes,
415 799 453 847 bis
467 800 550 863 pomis
563 800 634 847 utilis
648 800 733 847 arbos.

91 898 118 938 at
130 890 236 938 rabidae
250 890 327 951 tigres
341 888 435 937 absunt
447 896 473 937 et
485 904 561 937 saeva
573 890 678 937 leonum

91 981 199 1038 semina,
215 994 262 1027 nec
275 979 381 1026 miseros
394 977 491 1025 fallunt
503 978 607 1026 aconita
620 979 743 1040 legentes,

91 1084 139 1118 nec
152 1069 220 1131 rapit
232 1068 362 1116 inmensos
376 1066 450 1114 orbes
464 1081 509 1130 per
522 1066 630 1114 humum
647 1080 731 1128 neque
749 1073 821 1114 tanto

90 1172 229 1221 squameus
242 1158 269 1204 in
282 1157 378 1218 spiram
391 1163 474 1203 tractu
487 1170 514 1203 se
527 1155 628 1216 colligit
641 1155 743 1216 anguis.

39 1253 70 1297 55
92 1247 159 1296 adde
171 1254 210 1294 tot
222 1246 339 1308 egregias
352 1245 427 1293 urbes
441 1260 599 1307 operumque
612 1244 737 1303 laborem,

91 1343 130 1384 tot
143 1344 266 1397 congesta
279 1349 357 1382 manu
371 1334 515 1397 praeruptis
528 1333 626 1397 oppida
639 1334 708 1382 saris

90 1425 249 1488 flumineque
262 1424 383 1487 antiquos
396 1423 599 1472 subterlabentia
611 1438 706 1471 muros.

92 1528 125 1563 an
149 1529 219 1563 mare
243 1514 313 1577 quod
337 1528 415 1575 supra
438 1527 578 1561 memorem
598 1512 720 1575 quodque
740 1510 824 1559 adluit

392 1601 478 1649 inira?

91 1707 159 1740 anne
172 1693 243 1741 lacus
257 1691 359 1740 tantos?
379 1699 413 1750 tc,
428 1690 488 1738 Lari
502 1690 623 1748 maxime,
639 1698 726 1752 teque,

39 1787 70 1831 50
91 1780 209 1830 fluctibus
223 1789 248 1828 ct
260 1780 363 1829 fremitu
376 1780 518 1841 adsurgens
530 1779 633 1828 Benace
646 1777 764 1826 marino?

91 1885 126 1919 an
138 1884 279 1918 memorem
291 1878 380 1933 portus
393 1869 560 1932 Lucrinoque
573 1869 661 1916 addita
674 1869 786 1916 claustra

91 1967 168 2022 atque
180 1959 345 2020 indignatum
357 1959 458 2020 magnis
472 1958 624 2006 stridoribus
638 1970 743 2019 aequor,

90 2048 159 2097 Iulia
171 2063 223 2112 qna
235 2055 316 2111 ponto
330 2049 409 2110 longe
422 2054 498 2095 sonat
510 2048 580 2094 unda
593 2046 678 2094 refuso

89 2138 290 2202 Tyrrhenusque
303 2137 374 2186 fretis
387 2137 525 2184 inmittitur
537 2144 622 2184 aestus
635 2133 762 2184 Auernis?

39 2232 68 2276 65
90 2227 154 2275 haec
168 2227 259 2275 eadem
272 2226 372 2288 argent-i
385 2227 453 2274 rivos
468 2226 585 2289 aerisque
598 2225 704 2273 metalla

90 2316 204 2365 ostendit
218 2316 286 2364 venis
300 2322 378 2377 atque
391 2329 454 2363 auro
468 2315 581 2378 plurima
593 2315 675 2362 fluxit.

90 2405 155 2454 haec
167 2419 249 2466 genus
263 2419 321 2453 acre
334 2405 415 2452 virum
422 2405 522 2452 Marsos
535 2404 681 2467 pubemque
689 2401 824 2452 Sabellum

90 2494 276 2555 adsuetumque
285 2495 357 2542 malo
368 2495 496 2559 Ligurem
508 2495 683 2563 Volscosque
693 2498 805 2543 uerutus

78 2580 176 2635 extulit,
189 2580 371 2646 laconense,
385 2587 500 2652 Marios,
517 2603 704 2657 magnosque
710 2578 870 2636 essenos,

39 2669 45 2700 l
61 2661 297 2722 Se1'p1'edasduros
311 2673 398 2742 bello,
416 2691 448 2733 et
464 2693 501 2746 te,
520 2685 658 2736 maxime
672 2679 807 2731 Caesar,

663 2759 710 2817 ὃ*
