1816 2956
79 179 138 227 168
315 188 342 228 Ρ.
360 187 481 227 VERGILI
502 185 633 227 MARONIS

145 345 184 393 bis
197 345 311 393 medium
325 344 447 408 amplexi,
464 345 503 392 bis
516 345 585 393 collo
599 358 724 406 squamea
736 343 833 393 circum

145 441 218 496 terga
231 434 294 493 dati,
309 440 432 496 superant
445 433 528 496 capite
541 440 567 480 et
579 432 719 481 cervicibus
733 434 803 482 altis.

75 527 126 571 220
145 522 190 571 ille
203 522 280 570 simul
293 522 412 574 manibus
424 522 508 570 tendit
520 522 641 570 divellere
654 522 747 582 nodos,

145 610 263 674 perfusus
277 611 349 660 sanie
362 611 437 659 vittas
451 618 558 673 atroque
570 624 679 670 veneno,

147 701 273 749 clamores
286 700 362 749 simul
376 699 519 748 horrendos
533 699 565 747 ad
579 699 663 748 sidera
676 699 754 759 tollit,

147 789 231 852 qualis
244 787 366 849 mugitus,
382 788 448 849 fugit
461 803 520 836 cum
533 788 636 836 saucius
650 803 721 836 aram

146 884 234 926 taurus
248 885 274 926 et
284 877 410 926 incertam
423 877 535 925 excussit
548 876 645 924 cervice
658 876 778 926 securim.

76 969 126 1014 225
147 973 174 1014 at
186 966 282 1027 gemini
296 967 371 1029 lapsu
384 965 493 1014 delubra
506 965 538 1013 ad
552 979 653 1013 summa
666 965 792 1014 dracones
855 1027 856 1031 Ἰ

111 1074 112 1078 ’
147 1054 286 1116 diffugiunt
298 1069 440 1118 saevaeque
453 1062 545 1118 petunt
556 1054 699 1103 Tritonidis
713 1069 800 1103 arcem

146 1142 193 1191 sub
207 1143 367 1206 pedibusque
380 1144 443 1192 deae
457 1145 584 1207 clipeique
597 1143 644 1191 sub
663 1142 724 1190 orbe
742 1144 874 1204 teguntur.

146 1239 201 1280 tum
213 1246 273 1280 vero
286 1231 435 1281 tremefacta
447 1247 528 1280 novos
541 1247 587 1295 per
599 1239 705 1295 pectora
717 1231 818 1280 cunctis

145 1321 261 1368 insinuat
272 1335 353 1384 pavor
366 1328 391 1369 et
403 1322 486 1369 scelus
500 1321 652 1383 expendisse
665 1327 809 1369 merentem

76 1412 126 1457 230
145 1408 298 1457 Laocoonta
311 1409 404 1468 ferunt,
420 1424 522 1457 sacrum
535 1410 579 1473 qni
593 1409 700 1472 cuspide
712 1408 793 1456 robur

146 1498 249 1546 laeserit
262 1505 287 1546 et
300 1505 371 1560 tergo
385 1499 537 1546 sceleratam
548 1499 679 1547 intorserit
691 1497 803 1546 hastam.

146 1585 293 1634 ducendum
306 1587 338 1634 ad
352 1586 425 1634 sedes
438 1587 604 1636 simulacrum
618 1587 769 1649 orandaque
783 1587 858 1636 divae

146 1674 253 1722 numina
266 1676 440 1723 conclamant.

146 1762 282 1811 dividimus
296 1779 382 1811 muros
396 1771 421 1812 et
433 1764 537 1812 moenia
549 1763 686 1826 pandimus
698 1763 778 1812 urbis.

75 1856 125 1900 235
146 1852 285 1913 accingunt
298 1866 387 1900 omnes
402 1853 473 1914 operi
486 1852 646 1915 pedibusque
659 1860 776 1901 rotarum

145 1940 276 1989 subiciunt
288 1940 375 2002 lapsus
389 1950 414 1989 et
426 1949 536 2003 stuppea
547 1941 651 1989 vincula
664 1942 733 1989 collo

144 2029 290 2078 intendunt.
321 2028 422 2077 scandit
435 2029 521 2077 fatalis
534 2029 656 2078 machina
668 2044 765 2089 muros,

145 2117 197 2166 feta
210 2117 296 2166 armis.
328 2117 400 2181 pueri
414 2118 510 2166 circum
523 2118 698 2181 innuptaeque
712 2119 817 2180 puellae

145 2221 219 2255 sacra
232 2213 328 2255 canunt
341 2206 480 2269 funemque
493 2222 571 2254 manu
585 2207 735 2268 contingere
748 2208 872 2268 gaudent.

74 2299 125 2342 240
144 2295 192 2343 illa
204 2295 273 2342 subit
285 2295 437 2357 mediaeque
449 2296 551 2343 minans
563 2295 689 2343 inlabitur
702 2295 770 2347 urbi.

143 2380 160 2432 o
174 2384 266 2446 patria,
282 2398 297 2431 ο
312 2384 397 2432 divom
411 2384 502 2431 domus
516 2384 594 2432 Ilium
607 2391 632 2432 et
644 2384 744 2432 incluta
756 2383 827 2433 bello

143 2473 248 2520 moenia
258 2473 451 2521 Dardanidum!
467 2480 558 2534 quater
570 2472 627 2535 ipso
639 2472 667 2519 in
680 2472 770 2522 limine
784 2481 874 2537 portae

144 2561 258 2610 substitit
270 2569 348 2624 atque
361 2568 434 2609 utero
448 2560 561 2609 sonitum
574 2568 665 2623 quater
677 2576 751 2609 arma
764 2562 871 2612 dederet

142 2651 269 2699 instamus
283 2657 369 2699 tamon
382 2649 535 2698 inmemores
550 2649 671 2712 caecique
685 2650 773 2699 furore
