1816 2956
62 182 123 229 326
303 193 328 230 a.
347 192 468 231 nunaunt
488 192 619 232 nanuum

131 349 240 412 imperat
253 356 278 397 et
290 349 357 396 solio
369 349 469 397 medius
483 350 600 398 consedit
613 351 691 398 evito.

64 441 113 486 170
133 445 227 486 tectum
251 444 403 499 augustum,
429 437 536 499 iugens,
562 447 665 487 eentum
687 439 799 490 sublime
825 458 861 491 co·

433 527 536 586 lamnis,

132 613 196 663 urbe
209 615 378 674 felteanus,
394 615 530 664 Laurentis
543 617 615 678 regia
627 617 692 675 Pici,

133 703 291 752 horrendum
305 705 375 752 silvis
389 712 414 752 et
425 705 553 766 religione
566 712 710 767 parentum.

133 792 175 840 hic
188 800 290 855 sceptra
302 794 419 856 accipere
432 800 457 841 et
469 794 566 856 primos
580 795 697 842 attollere
710 794 797 843 fasces

132 882 235 944 regibus
248 897 324 931 omen
338 890 400 941 erat,
416 883 466 931 boc
479 883 530 930 illis
545 884 616 931 curia
628 883 763 946 templum,

64 974 113 1020 175
133 970 182 1020 hae
194 973 273 1020 sacris
286 973 359 1020 sedes
373 971 464 1034 epulis,
481 972 523 1020 hic
536 973 615 1020 ariete
629 987 703 1020 caeso

132 1061 262 1123 perpetuis
275 1061 344 1109 soliti
358 1067 443 1123 patres
457 1061 590 1108 considere
604 1061 708 1109 mensis.

133 1149 196 1212 quin
210 1151 287 1198 etiam
300 1155 413 1198 veterum
427 1149 523 1210 effigies
537 1165 569 1198 ex
582 1150 672 1198 ordine
686 1164 795 1199 avorum

133 1239 240 1301 antiqua
253 1253 267 1287 e
281 1240 366 1298 cedro,
381 1239 513 1301 Italusque
527 1245 650 1302 paterque
663 1237 776 1286 Sabinus

132 1327 256 1387 vitisator,
273 1343 377 1376 curvam
390 1343 493 1376 servans
505 1328 552 1375 sub
566 1328 680 1389 imagine
693 1327 798 1387 faloam,

64 1419 114 1463 180
134 1414 311 1479 Saturnusque
324 1432 403 1466 senex
415 1417 523 1479 Ianique
537 1416 655 1464 bifrontis
669 1417 766 1478 imago,

133 1505 259 1553 vestibulo
273 1505 411 1554 adstabant
424 1506 520 1568 aliique
534 1506 565 1553 ub
580 1507 679 1567 origine
692 1520 766 1566 reges

133 1594 278 1657 Martiaque
292 1595 324 1643 ob
339 1595 448 1658 patriam
462 1595 604 1656 pugnando
617 1595 723 1642 volnera
736 1597 818 1657 passi.

134 1684 266 1746 multaque
279 1693 412 1747 praeterea
424 1684 503 1731 sacris
517 1684 543 1730 in
556 1683 673 1745 postibus
687 1699 768 1741 turma,

134 1773 227 1835 captivi
241 1774 355 1836 pendent
367 1788 455 1820 currus
470 1786 612 1833 curvaeque
625 1786 726 1820 secures

65 1866 117 1909 185
134 1869 159 1910 01
172 1863 264 1910 cristae
277 1863 390 1924 capitum
403 1868 429 1909 et
441 1870 573 1923 portarum
587 1861 702 1922 ingentia
716 1862 834 1911 claustra

135 1952 286 2014 spiculaque
300 1951 428 2013 clipeique
442 1958 580 2012 ereptaque
593 1959 675 1996 rostra
689 1950 794 1998 carinis.

135 2041 190 2102 ipse
203 2039 332 2098 Quirinali
348 2040 412 2087 lituo
426 2054 556 2101 paruaque
569 2039 675 2086 sedebat

135 2130 280 2177 succinctus
294 2129 383 2177 trabea
395 2129 519 2190 laevaque
533 2129 616 2176 ancile
629 2127 734 2189 gerebat

134 2217 220 2276 Picus,
231 2233 305 2266 ecum
314 2219 440 2275 domitor3
456 2233 531 2278 quem
540 2227 615 2279 capta
623 2216 743 2278 cupidine
752 2219 861 2268 conium

66 2313 115 2354 100
136 2322 214 2354 aurea
226 2322 375 2368 percussum
388 2307 460 2367 virga
473 2319 625 2366 versumque
638 2305 742 2352 venenis

136 2396 196 2444 fecit
209 2411 281 2444 avem
295 2394 370 2444 Circe
384 2395 529 2457 sparsitque
543 2394 673 2442 coloribus
687 2395 751 2441 alas.

136 2486 180 2533 tali
194 2486 263 2532 intus
278 2484 373 2547 templo
388 2483 472 2531 divom
486 2484 621 2545 patriaque
634 2482 742 2530 Latinus

136 2575 196 2621 sede
209 2574 301 2622 sedens
314 2573 429 2622 Teucros
442 2573 474 2619 ad
488 2587 543 2620 sese
557 2572 583 2619 in
597 2578 663 2619 tecta
677 2573 779 2619 vocavit

128 2670 210 2725 atque
223 2663 289 2713 baec
302 2661 426 2726 ingressis
439 2661 542 2726 placido
556 2661 627 2724 unior
640 2660 720 2708 edidit
733 2676 788 2710 ore.
