1816 2956
279 205 439 245 Aruernos·
450 206 536 245 meaa
553 205 593 244 vr.
772 196 832 245 285

107 378 176 412 nane
189 378 267 425 grege
280 364 312 410 de
325 364 422 411 intacto
435 371 532 424 septem
546 369 659 412 mactare
671 363 793 411 iuvencos

109 453 272 515 praestiterit,
288 452 394 500 totirlcm
408 453 487 500 lectas
501 452 532 498 de
545 466 616 499 more
629 444 760 500 bidentis.’

54 547 88 588 40
108 541 202 589 talibus
216 541 304 589 adfata
317 543 424 588 Aenean
438 540 497 602 (nec
510 555 583 588 sacra
596 548 729 589 morantur

108 629 177 677 iussa
190 630 249 691 viri)
262 629 377 677 Teucros
390 636 465 678 vocat
477 630 529 677 alta
546 629 580 676 in·
590 631 687 692 templa
704 631 833 680 sacerdos.

144 719 265 766 Excisum
272 718 403 766 Euboicae
415 719 482 765 latus
494 719 585 779 ingens
598 719 668 781 rupis
682 719 709 766 in
723 727 834 780 antrum,

108 822 159 869 quo
175 808 219 856 lati
235 808 333 855 ducunt
346 808 430 854 aditus
444 814 556 866 eentum,
572 808 762 868 ostimentum,

108 897 177 944 unde
189 903 267 942 ruent
280 896 386 944 totidem
400 910 483 954 voces,
499 911 623 958 responsa
636 895 760 958 Sibyllae.

55 989 88 1031 45
108 993 212 1032 ventum
226 991 280 1031 erat
293 985 324 1031 ad
339 985 426 1043 limen,
443 999 501 1032 cum
514 985 586 1047 virgo
596 976 713 1048 ‘poscere
726 985 779 1035 fata

108 1066 216 1136 tempus'
230 1074 280 1121 ait:
298 1063 381 1131 ‘deus‚
397 1088 464 1132 ecce,
481 1065 569 1122 deas?
593 1075 634 1122 cui
648 1075 711 1122 talia
723 1075 788 1123 santi

110 1172 169 1211 ame
182 1163 250 1210 fores
263 1162 348 1209 subito
362 1177 414 1209 noa
427 1163 519 1222 voltus,
535 1177 588 1210 non
602 1164 674 1211 color
687 1176 763 1222 unus,

109 1266 162 1298 noa
177 1259 294 1314 comptae
307 1265 423 1299 mansere
437 1266 535 1310 comae,
551 1253 595 1299 sed
608 1259 695 1314 pectus
704 1252 834 1311 anhelum,

109 1347 134 1388 et
147 1340 217 1388 rabie
231 1341 285 1388 sera
299 1341 377 1388 corda
390 1347 497 1399 tument,
512 1341 646 1402 maiorque
659 1341 748 1401 videri,

57 1434 90 1477 50
110 1445 156 1478 nec
170 1430 279 1477 mortale
292 1443 396 1486 sonans,
413 1428 507 1476 adflata
520 1435 558 1476 est
570 1429 675 1478 numine
689 1430 793 1492 qnando

109 1519 161 1566 iarn
174 1519 295 1580 propiore
309 1518 358 1565 dei.
383 1507 478 1565 ‘cessas
492 1518 518 1564 in
532 1524 591 1565 vota
604 1532 752 1580 precesque,

109 1600 180 1654 Tros’
196 1595 359 1654 ait‘Aenea?
382 1607 483 1655 cessas?
503 1607 667 1668 nequeenim
681 1613 740 1655 ante
754 1607 838 1655 dehis-

411 1703 469 1742 cent

110 1783 233 1832 attonitae
247 1798 342 1845 magna
355 1799 401 1831 ora
414 1776 524 1831 domus.'
549 1792 574 1832 et
586 1785 649 1833 talia
662 1784 715 1833 fata

110 1873 242 1920 conticuit.
269 1873 370 1934 gelidus
384 1872 490 1920 Teucris
504 1887 549 1935 per
562 1873 627 1921 dura
639 1873 752 1922 cucurrit

57 1965 89 2008 55
109 1974 170 2008 ossa
182 1968 286 2019 tremor,
304 1961 439 2024 funditque
452 1977 540 2024 preces
554 1977 598 2009 rex
611 1970 714 2025 pectore
727 1963 759 2011 ab
771 1962 833 2012 imo.

109 2049 231 2108 ‘Phoebe
247 2050 331 2111 gravis
345 2050 438 2098 Troiae
452 2065 552 2113 semper
564 2051 683 2100 miserate
697 2052 807 2112 iabores,

108 2137 234 2186 Dardana
247 2139 291 2200 qui
305 2139 405 2186 Paridis
419 2139 512 2188 direxti
525 2140 577 2188 tela
589 2154 733 2203 manusque

110 2242 203 2288 corpus
216 2227 243 2274 in
257 2227 396 2285 Aeacidae,
412 2243 520 2289 magnas
534 2228 656 2276 obeuntia
668 2235 749 2276 terras

110 2322 149 2362 tot
160 2316 244 2363 maria
256 2316 347 2363 intravi
361 2317 426 2364 duce
440 2323 464 2364 te
476 2318 630 2379 penitusque
643 2324 758 2381 repostas

58 2408 91 2451 60
111 2404 253 2466 Massylum
266 2413 354 2466 gentes
368 2412 552 2468 praetentaque
565 2405 682 2468 Syrtibus
695 2421 772 2465 arra;

111 2493 163 2540 iam
177 2494 279 2541 tandem
293 2494 385 2543 Italiae
398 2494 523 2557 fugientis
536 2495 694 2561 prenb'irnus
706 2507 782 2540 eres.

54 2570 55 2575 ’
99 2579 151 2625 liae
165 2580 280 2632 Troiana
295 2591 372 2634 tenus
386 2585 469 2636 suerit
482 2588 614 2637 Fortuna
625 2589 737 2635 secata.

85 2675 132 2709 ‘¹⁰⁸
143 2680 253 2730 1111011116
267 2673 449 2740 Pergameae
461 2681 527 2732 iam
539 2682 585 2732 ias
602 2685 645 2728 est
658 2676 788 2739 parcere
797 2655 896 2719 affl*
