1816 2956
121 148 181 196 544
462 155 570 196 cunnx.

190 314 304 363 labentes
317 314 417 375 biiuges
430 314 508 363 etiam
521 328 567 375 per
578 312 663 361 sidera
675 312 768 362 Lunae

188 403 281 466 pressit
294 417 374 464 equos
387 411 413 450 et
426 410 453 450 tu
466 410 604 460 currentes,
620 409 752 450 menstrua
766 402 849 465 virgo,

120 497 170 540 285
190 492 309 540 auditura
323 492 413 553 lyram,
429 491 533 540 tenuisti
547 498 622 538 nocte
635 491 734 538 relicta.

190 580 254 628 hacc
268 581 357 628 cadem
370 579 454 642 potuit
465 579 533 626 Ditis
547 579 685 626 revincere
699 580 817 628 coniunx

189 669 387 731 Eurydicenque
399 669 466 715 ultro
481 668 625 716 ducendam
638 667 765 717 reddere?
784 684 839 718 noa
851 669 877 718 fa

191 772 243 804 nou
257 764 311 805 erat
323 757 432 804 invictae
446 756 519 803 divae
532 756 664 804 exorabile
676 770 785 805 numen,

190 847 236 895 illa
249 847 361 908 quidem,
378 845 486 891 nimium
498 859 587 892 manes
601 851 706 906 experta
719 861 833 908 severos,

121 941 171 983 290
191 942 356 998 praeceptum
369 933 489 994 signabat
502 933 549 980 iter
562 947 609 980 uec
622 933 721 980 rettulit
733 935 806 984 intus

191 1024 290 1071 lumina
302 1037 350 1070 neo
364 1023 436 1070 divae
450 1023 565 1084 corrupit
577 1037 684 1070 munera
698 1023 809 1085 lingua3

190 1113 235 1160 sed
248 1119 275 1159 tu
290 1111 408 1170 crudelis,
425 1109 536 1158 crudelis
550 1117 577 1156 tu
590 1110 672 1171 magis
687 1109 807 1173 Orphea,

191 1201 280 1249 oscula
293 1215 353 1248 cara
365 1207 454 1261 petens
468 1198 558 1260 rupisti
571 1197 642 1246 iussa
655 1198 773 1247 deorum.

191 1290 284 1350 dignus
299 1304 371 1336 amor
385 1289 474 1346 veuia3
494 1293 606 1348 gratum,
622 1287 643 1334 si
656 1287 769 1336 Tartara
783 1292 878 1341 nollen¹

121 1382 170 1426 295
192 1386 327 1440 peccatum
339 1377 495 1424 meminisse.
522 1383 549 1423 at
561 1389 609 1422 nos
623 1374 725 1439 (grave)
737 1379 802 1428 sede
811 1380 878 1443 pion

191 1482 239 1514 nos
256 1474 343 1514 manet
360 1466 468 1513 heroum
488 1471 578 1512 contra
591 1479 691 1511 manus.
720 1465 764 1515 hic
779 1476 805 1516 et
819 1476 878 1518 uter.

192 1555 332 1602 Aeacides:
348 1554 440 1601 Peleus
454 1567 565 1614 namque
579 1560 604 1600 et
616 1553 774 1603 Telamonia
787 1558 868 1605 virtus

192 1659 238 1706 per
251 1659 340 1691 secum
353 1642 433 1704 patris
447 1642 576 1688 laetantur
589 1642 705 1700 numina,
722 1658 838 1704 quorum

193 1733 299 1780 conubis
313 1733 400 1779 Venus
414 1738 439 1778 et
451 1730 539 1776 Virtus
552 1730 664 1777 iniunxit
678 1730 825 1781 honorem:

122 1828 173 1869 300
194 1824 261 1870 lmuc
275 1822 359 1883 rapuit
372 1835 452 1877 serva,
468 1826 506 1865 ast
519 1819 593 1865 illum
607 1818 694 1866 Nereis
709 1824 818 1870 amavit.

192 1911 293 1959 adsidet
306 1910 355 1957 liae
368 1908 475 1965 iuvenis,
492 1907 604 1955 sociatae
617 1909 702 1968 gloria
715 1911 807 1969 sortis,

192 2014 259 2055 acer,
276 1998 435 2055 inexcessus,
452 1997 563 2044 referens
576 2013 591 2044 a
604 1996 712 2044 naribus
726 1997 806 2055 ignea

192 2086 321 2145 Argolicis
336 2086 461 2147 Phrygios
475 2094 547 2132 torva
560 2085 659 2133 feritate
672 2087 804 2147 repulsos.

192 2190 207 2220 ο
222 2175 278 2235 quis
292 2189 343 2219 non
358 2176 451 2222 referat
463 2175 522 2222 talis
536 2175 644 2221 divortia
658 2174 729 2232 belli,

123 2268 172 2310 305
194 2278 259 2323 (liure
273 2262 366 2310 Troiae
380 2264 465 2311 videre
477 2263 523 2310 viri
537 2263 673 2323 videreque
688 2262 763 2322 Grai,

192 2351 301 2398 'Faueria
316 2366 373 2397 cum
387 2367 482 2411 magno
496 2358 611 2398 manaret
624 2351 752 2410 sauguine
768 2356 846 2402 tellus

193 2448 217 2486 et
230 2440 324 2486 Simois
338 2439 487 2501 Xanthique
500 2440 595 2501 liquor,
611 2439 742 2500 Sigeaque
758 2452 866 2506 propter

193 2529 269 2576 litora
284 2543 341 2575 eum
355 2528 436 2574 Troas
450 2529 517 2576 saevi
532 2529 603 2575 ducis
617 2527 734 2575 Hectoris
749 2530 792 2578 ira

193 2618 278 2664 ridere
291 2618 316 2663 iu
331 2617 425 2664 classes
439 2617 544 2664 inimica
558 2624 642 2664 mente
656 2616 785 2678 l'elasgas
