1816 2956
246 197 394 238 Aruernos
413 199 501 236 mssa
518 199 558 237 tv.
739 189 798 236 237

74 370 210 418 exequere,
226 356 313 414 Anna,
329 356 406 403 mihi:
427 356 511 403 solam
524 370 584 403 num
597 355 709 418 perfidus
723 356 768 404 ille

74 452 100 494 te
113 446 207 503 colere,
224 459 333 493 arcanos
346 445 424 492 etiam
437 444 483 491 tibi
497 445 600 492 credere
614 459 719 504 sensus3

75 536 132 583 sola
144 534 191 582 viri
204 534 291 581 mollis
304 533 389 581 aditus
403 541 428 581 et
440 541 558 596 tempora
571 547 663 581 noras:

75 624 93 683 i,
109 637 191 681 soror,
207 629 284 685 atque
296 621 398 670 hostem
411 622 520 684 supplex
533 622 622 670 adfare
634 622 782 685 superbum.

29 717 55 762 25
75 726 128 760 non
143 727 192 774 ego
205 727 264 760 cum
276 711 376 759 Danais
388 710 530 759 Troianam
550 712 687 760 excindere
699 720 804 773 gentem
855 742 857 745 -

74 801 171 850 Aulide
184 801 264 850 iuravi
278 801 417 849 classemve
431 800 464 849 ad
477 800 604 862 Pergama
616 800 684 858 misi,

74 903 123 938 nec
136 889 216 953 patris
230 889 361 938 Anchisae
375 889 487 938 cinerem
499 903 619 937 manesve
632 890 735 937 revelli:

76 993 121 1027 cur
133 993 193 1026 mea
206 979 275 1027 dicta
288 987 366 1040 negat
379 979 456 1026 duras
470 978 603 1026 demittere
616 978 642 1025 in
656 978 743 1027 auris?

76 1082 128 1130 quo
153 1067 221 1115 ruit?
251 1074 394 1116 extremum
419 1067 469 1115 hoc
498 1067 607 1116 miserae
636 1067 680 1116 det
709 1082 803 1115 munus

376 1157 483 1216 amanti,

29 1249 56 1294 lo
75 1251 194 1307 expectet
206 1245 360 1307 facilemque
373 1245 461 1306 fugam
474 1252 616 1308 ventosque
630 1246 742 1295 ferentis.

74 1347 129 1381 non
141 1333 194 1381 ium
208 1335 358 1395 coniugium
371 1335 494 1391 anticum,
510 1335 580 1395 quod
595 1335 723 1396 prodidit,
745 1350 801 1394 oro,

74 1436 123 1471 nec
134 1423 245 1485 pulchro
258 1431 287 1470 ut
298 1423 374 1470 Latio
388 1430 474 1471 cureat
487 1437 646 1485 regnumque
659 1424 803 1488 relinquam

74 1518 176 1574 tempus
189 1511 267 1559 inane
280 1518 349 1574 peto,
365 1511 480 1574 requiem
494 1512 658 1574 spatiumque
672 1513 760 1573 furori,

76 1599 138 1647 dum
151 1614 209 1648 mea
221 1614 263 1648 me
275 1600 369 1648 victam
382 1601 474 1648 doceat
486 1599 590 1647 fortuna
603 1601 700 1650 dolere.

29 1695 55 1738 t5
75 1696 217 1737 extremam
230 1689 298 1737 hanc
311 1704 357 1736 oro
370 1689 472 1737 veniam
485 1688 618 1749 (miserere
631 1691 755 1754 seroris);

75 1793 154 1840 quam
174 1777 237 1825 mihi
257 1793 315 1826 cum
336 1778 451 1836 dederis,
478 1778 636 1826 cumulatam
659 1787 741 1829 morte
765 1796 804 1829 re·

377 1856 495 1913 mittam?

110 1954 218 2003 Talibus
231 1955 330 2014 orabat,
346 1955 457 2016 talisque
468 1955 613 2003 miserrima
625 1956 698 2005 fletus

76 2043 176 2107 fertque
189 2044 317 2106 refertque
329 2058 411 2091 soror.
439 2044 484 2091 sed
498 2044 576 2092 nullis
591 2045 635 2094 ille
647 2053 765 2095 movetur

74 2132 175 2181 fletibus
189 2141 234 2179 aut
246 2147 320 2181 voces
334 2132 401 2179 ullas
414 2132 555 2180 tracttbilis
570 2134 654 2181 audit:

29 2227 58 2271 to
76 2221 130 2270 fata
143 2221 247 2269 obstant
258 2221 426 2283 placidasque
439 2221 485 2268 viri
500 2221 563 2269 deus
576 2222 687 2271 obstruit
699 2224 777 2271 auris.

75 2325 106 2358 ac
118 2311 188 2358 volut
201 2324 300 2356 annoso
314 2310 426 2357 validam
439 2324 498 2357 cum
510 2309 603 2359 robore
617 2326 740 2374 quercum

75 2399 167 2462 Alpini
180 2398 274 2446 boreae
287 2413 356 2446 nunc
369 2397 430 2446 hinc
442 2414 513 2448 nunc
525 2400 627 2448 flatibus
641 2401 714 2448 illinc

76 2502 164 2536 eruere
178 2487 244 2534 inter
256 2501 284 2535 se
298 2492 412 2545 certunm
432 2487 453 2534 it
465 2489 560 2536 stridor
573 2496 597 2537 et
610 2490 678 2538 altae

76 2582 244 2624 consternunt
256 2583 350 2623 terram
363 2590 490 2624 concusso
504 2577 590 2639 stipite
603 2577 724 2636 frondes;

28 2671 56 2714 te
76 2665 133 2727 ipsa
145 2665 234 2712 haeret
246 2664 361 2728 scopulis
374 2671 401 2714 et
413 2673 546 2729 quantum
555 2667 657 2716 uertice
669 2665 709 2712 ad
719 2677 805 2711 suras
