1816 2956
107 154 165 203 140
342 165 368 204 P.
385 165 507 205 ventum
527 153 657 206 uaneurs

173 321 279 384 rupibus
293 322 423 380 excidunt,
439 323 539 370 scaenis
553 323 647 371 decora
660 324 713 370 alta
726 324 827 372 futuris.

102 415 153 459 430
172 411 257 474 qualis
271 426 331 474 apes
345 418 441 459 aestate
454 426 521 459 nova
534 426 579 474 per
591 412 670 460 florea
683 427 743 460 rura

173 507 274 549 exercet
287 499 334 547 sub
348 500 403 548 sole
417 498 499 559 labor,
516 516 575 548 cum
587 501 671 563 gentis
687 502 790 550 adultos

173 589 286 638 educunt
298 587 364 636 fetus
378 594 423 636 aut
435 603 494 636 cum
506 588 633 650 liquentia
645 591 725 638 mella

172 677 269 740 stipant
281 683 306 724 et
319 677 388 724 dulci
402 676 550 724 distendunt
563 685 664 726 nectare
679 679 757 726 cellas

172 772 217 814 eut
229 780 309 814 onera
322 765 452 828 accipiunt
464 765 611 814 venientum
625 775 669 814 aut
683 767 785 828 agmine
799 768 869 818 sacto

101 859 150 903 435
171 855 292 917 ignavom
305 853 378 902 fucos
392 869 470 917 pecus
482 871 497 902 a
511 855 676 918 praesepibus
690 863 793 916 arcent3

171 943 251 992 fervet
264 958 328 1006 opus
341 943 510 1005 redolentque
523 943 611 1004 thymo
625 944 767 1005 fragrantia
779 947 869 996 mella.

168 1021 195 1080 ‘0
208 1031 340 1091 fortunati,
357 1047 467 1094 (puerum
479 1032 532 1080 iam
544 1033 648 1080 moenia
660 1025 776 1095 surgunt'

170 1122 273 1170 Aeneas
287 1121 323 1168 ait
336 1129 361 1169 et
373 1121 477 1183 fastigia
490 1121 597 1184 suspicit
610 1120 688 1168 urbis.

170 1209 248 1259 infert
260 1224 287 1258 se
299 1217 402 1273 saeptus
416 1209 512 1258 nebula
525 1209 656 1272 (mirabile
670 1210 751 1274 dictu)

100 1304 150 1346 440
170 1314 216 1362 per
228 1299 326 1348 medios
340 1299 481 1361 miscetque
494 1298 553 1346 viris
568 1314 651 1361 neque
664 1300 777 1348 cernitur
789 1301 847 1349 ulli.

205 1387 291 1436 Lacus
304 1388 331 1434 in
344 1387 407 1436 urbe
420 1388 574 1447 submedia,
590 1388 745 1436 laetissimus
759 1389 876 1451 umbrae,

171 1492 222 1540 quo
236 1477 347 1539 primum
359 1477 447 1525 iactati
460 1477 536 1524 undis
550 1484 575 1525 et
588 1476 690 1525 turbine
703 1477 784 1526 Poeni

170 1565 282 1614 effodere
294 1566 353 1614 loco
366 1566 469 1628 signum
483 1566 552 1628 quod
566 1567 637 1626 regia
649 1548 715 1614 luno

170 1661 334 1713 monstrarat,
350 1661 427 1717 caput
440 1655 506 1702 acris
520 1654 595 1716 equi3
614 1655 651 1702 sic
664 1670 724 1702 nam
737 1654 793 1704 fore
806 1656 876 1705 bello
896 1668 899 1675 ’

98 1749 148 1792 445
168 1745 300 1806 egregiam
313 1751 338 1791 et
350 1743 454 1791 facilem
467 1743 535 1791 victu
549 1759 594 1806 per
607 1744 711 1792 saccula
723 1751 837 1805 gentem.

168 1833 210 1882 bic
223 1833 349 1895 templum
362 1832 456 1879 Iunoni
469 1833 560 1894 ingens
574 1831 683 1881 Sidonia
695 1833 765 1881 Dido

169 1920 305 1980 condebat,
322 1921 396 1968 donis
410 1923 562 1984 opulentum
576 1931 601 1970 et
615 1923 719 1970 numine
733 1923 817 1984 divae,

168 2025 244 2059 aerea
257 2010 298 2058 cui
310 2009 433 2072 gradibus
447 2011 586 2073 surgebant
600 2012 691 2060 limina
704 2012 833 2076 nixaeque

168 2113 226 2148 aere
240 2099 333 2159 trabes,
349 2099 446 2146 foribus
461 2100 539 2147 cardo
553 2100 676 2148 stridebat
689 2101 770 2148 aenis.

97 2193 148 2236 450
167 2187 218 2236 hoc
231 2188 343 2250 primum
355 2188 382 2235 111
395 2189 455 2237 luce
469 2204 588 2237 navares
602 2189 690 2237 oblata
706 2189 825 2238 timerem

167 2277 248 2336 leniit,
264 2277 307 2325 hic
320 2278 431 2340 primum
443 2278 545 2326 Aeneas
559 2293 660 2341 sperare
674 2278 784 2327 salutem

167 2381 244 2414 ausus
257 2372 282 2414 et
295 2367 403 2414 adflictis
417 2367 508 2414 melius
523 2368 651 2415 confidere
664 2366 749 2415 rebus.

167 2469 279 2517 namque
292 2455 338 2502 sub
351 2455 450 2516 ingenti
465 2457 557 2504 lustrat
570 2457 631 2503 dum
644 2456 748 2518 singula
760 2459 869 2521 templo,

166 2544 284 2605 reginam
297 2543 442 2606 opperiens,
459 2545 519 2592 dum
533 2559 600 2607 quae
613 2544 717 2593 fortuna
729 2546 763 2593 sit
775 2547 834 2595 urbi

96 2637 146 2681 455
167 2632 345 2696 artificumque
358 2648 450 2681 manus
462 2634 529 2682 inter
542 2649 568 2682 se
582 2649 740 2698 operumque
753 2635 872 2687 laborem
