1816 2956
295 181 463 224 camaeleon
480 184 568 224 utana
581 185 620 224 IV.
794 177 848 224 ΠΙ

130 348 233 391 eentum
246 356 312 404 quae
325 341 415 400 silvas,
430 347 533 389 centmn
545 356 612 404 quae
624 343 731 391 flumina
742 352 853 395 servent.

129 437 168 478 tar
180 430 281 492 liquido
294 430 426 478 ardentem
439 429 551 490 perfudit
563 437 667 477 nectare
679 433 794 487 Vestam,

57 523 108 567 385
129 525 168 566 ter
179 518 286 566 flamma·
296 519 328 566 ad
341 532 470 566 summum
482 516 541 564 teeti
556 515 672 564 subiecta
684 516 787 564 reluxit.

129 605 215 653 omine
229 620 280 668 quo
292 606 397 653 firmans
410 605 525 652 animum
538 605 575 652 sie
587 604 679 666 incipit
690 605 754 667 ipsa.

125 684 214 742 ‘estin
228 677 369 756 Carpathio
382 692 494 755 Neptuni
507 693 609 754 gurgite
621 700 699 752 vates,

129 783 261 831 caeruleus
274 782 390 841 Proteus,
405 796 529 843 magnum
542 781 585 844 qui
598 780 711 845 piscibus
724 796 822 845 aequor

129 879 155 920 et
166 871 255 919 iuncto
269 870 478 934 bipedum'eutru
491 871 595 919 metitur
606 883 741 932 equorum.

57 965 109 1008 890
129 960 173 1008 bie
185 974 255 1008 nune
266 959 401 1009 Emathiae
414 966 503 1023 portus
516 959 678 1022 patriamque
690 959 778 1008 revisit

128 1049 270 1108 Pallenen3
289 1048 359 1097 hune
372 1055 397 1097 et
409 1049 537 1112 nymphae
550 1064 702 1098 veneramur
715 1055 740 1096 et
754 1048 809 1110 ipse

129 1138 289 1199 grandaevos
302 1136 412 1186 Nereus:
434 1138 504 1187 novit
516 1152 629 1200 namque
642 1137 731 1185 omnia
742 1142 812 1184 vetes

130 1232 287 1288 quaesunt,
309 1240 375 1288 quae
392 1225 509 1287 fuerunt,
530 1242 596 1290 quue
613 1241 676 1274 mox
687 1233 793 1275 ventura
805 1231 856 1272 tra-

429 1315 538 1376 buntur3

129 1404 226 1466 quippe
237 1403 275 1451 ita
286 1403 406 1466 Neptuno
419 1405 501 1452 visum
514 1412 560 1464 eet,
575 1405 691 1453 inmunia
704 1405 776 1452 euius

59 1496 110 1540 395
130 1500 247 1540 armenta
259 1499 284 1540 et
296 1492 377 1554 turpis
391 1494 473 1554 puscit
486 1493 533 1541 sub
546 1494 647 1555 gurgite
660 1494 773 1557 phocas:

130 1580 173 1629 hic
185 1581 240 1640 tibi,
256 1587 324 1639 nete,
340 1581 410 1643 prius
423 1582 513 1629 uinclis
531 1582 679 1646 capiendus,
695 1589 723 1630 ut
736 1595 838 1630 omnem

130 1670 251 1732 expediat
263 1669 346 1716 morbi
360 1684 464 1718 eausam
477 1677 633 1733 eventusque
646 1671 777 1720 secundet.

129 1773 192 1806 nam
203 1758 258 1807 sine
271 1759 295 1805 vi
308 1771 361 1804 nou
374 1757 430 1805 ulla
443 1758 515 1806 dabit
526 1768 664 1823 praecepte
680 1774 765 1822 neque
780 1758 856 1807 illum

130 1847 229 1894 orando
242 1847 327 1894 flectes
338 1862 344 1905 3
364 1847 414 1894 vim
428 1848 519 1895 duram
532 1856 558 1896 et
569 1849 673 1897 vincula
686 1855 761 1911 eapto

57 1939 109 1982 400
129 1934 222 1994 tende3
248 1934 302 1982 doli
326 1935 422 1983 circum
444 1937 508 1985 haee
528 1937 630 1985 demum
649 1936 800 2000 frangentur
818 1935 855 1984 iu·

123 2077 126 2084 1
430 2039 501 2074 anes.

128 2111 186 2174 ipsa
199 2127 247 2174 ego
260 2119 294 2173 te,
310 2115 408 2163 medios
422 2130 480 2162 eum
493 2115 532 2162 sol
545 2115 692 2164 accenderit
704 2120 797 2173 aestus,

129 2214 188 2249 cum
201 2202 291 2250 sitiunt
304 2202 397 2252 herbae
410 2213 435 2252 et
447 2204 534 2266 pecori
546 2204 598 2251 iam
616 2204 715 2266 gratior
730 2202 855 2262 umbrant,

128 2288 156 2336 in
169 2298 268 2339 secretu
280 2293 349 2340 senis
362 2292 463 2350 ducam,
479 2306 531 2355 quo
545 2292 624 2342 sessus
638 2293 669 2342 ab
683 2292 759 2340 undis

129 2393 156 2426 se
168 2380 267 2442 recipit,
284 2380 360 2428 facile
373 2389 401 2427 ut
414 2395 505 2429 somno
519 2381 671 2443 adgrediare
683 2375 818 2430 iacentem.

57 2471 109 2514 405
129 2482 217 2516 verum
229 2468 274 2516 ubi
288 2476 433 2531 correptum
449 2469 568 2518 manibus
585 2471 728 2533 vinclisque
747 2468 854 2528 tenebis,

129 2565 184 2604 tum
196 2557 282 2609 variae
295 2558 400 2605 eludent
412 2558 509 2620 speeies
523 2565 599 2621 utque
613 2573 659 2606 ora
675 2559 795 2606 ferarum.

129 2644 173 2693 fiet
185 2645 254 2694 enim
266 2645 351 2697 subito
365 2661 407 2695 aue
421 2646 541 2696 horridus
554 2654 664 2712 atraque
675 2646 754 2709 tigria
