1816 2956
282 183 430 224 uuuslnos
448 184 536 223 LIBER
549 185 579 223 11.
772 176 826 223 173

103 343 129 390 di
143 343 235 406 quibus
248 342 385 404 imperium
398 341 448 389 hoc
460 349 577 400 steterat3
596 341 743 389 succurritis
756 341 812 389 urbi

101 432 237 480 incensae:
259 431 400 478 moriamur
413 438 437 478 et
450 430 477 476 in
489 430 575 478 media
589 445 660 478 arma
673 445 785 479 ruamus.
854 425 862 440 ⁰

102 535 155 585 una
167 521 236 569 salus
249 519 321 568 victis
335 519 434 568 nullam
447 534 548 582 sperare
561 511 689 568 salutem.'

49 614 81 660 55
101 609 139 657 sic
152 608 244 657 animis
258 609 378 656 iuvenum
391 608 462 655 furor
475 608 586 656 additus.
613 608 681 666 inde,
698 609 752 671 lupi
766 623 813 657 ceu

101 704 216 760 raptores
230 705 286 746 atra
298 698 325 744 in
339 697 443 756 nebula,
459 712 523 760 qnos
537 697 647 760 inproba
658 698 752 745 ventris

101 786 189 848 exegit
201 801 291 834 caecos
305 787 388 834 rabies
402 786 533 848 catulique
546 786 628 834 relicti

101 874 218 923 saucibus
232 882 369 938 expectant
380 875 464 933 siccis,
480 889 525 936 per
539 876 599 933 tela,
615 889 660 937 per
673 874 760 923 hostes

101 964 217 1019 vadimus
231 963 302 1012 haud
316 963 421 1011 dubiam
434 963 460 1010 in
473 973 581 1012 mortem
595 964 747 1025 mediaeque
762 972 830 1012 tenc·

402 1067 459 1100 mus

49 1146 82 1190 60
101 1141 171 1188 urbis
184 1141 248 1202 itcr3
269 1157 321 1190 nox
335 1150 390 1190 atra
404 1157 466 1189 cava
479 1141 758 1188 circumvolatumbrn.

74 1282 77 1286 A
102 1230 159 1294 quis
172 1230 274 1278 cladem
286 1231 356 1279 illius
369 1230 461 1288 noctis,
477 1230 534 1291 quis
548 1229 639 1277 lunera
651 1229 730 1278 fando

101 1319 214 1380 explicet
226 1326 270 1367 aut
283 1319 364 1381 possit
377 1319 490 1366 lacrimis
504 1333 616 1381 aequare
629 1319 746 1367 labores?

100 1407 161 1456 urbs
175 1407 354 1470 antiquarum,
369 1407 465 1455 multos
479 1408 612 1455 dominata
626 1423 780 1470 perannos3
816 1433 817 1436 =

100 1497 214 1561 plurima
226 1512 323 1560 perque
335 1497 388 1544 rias
402 1504 550 1544 sternuntur
562 1497 654 1544 inertia
667 1497 764 1559 passim

49 1590 81 1635 65
102 1600 213 1648 corpora
224 1600 321 1648 perque
334 1586 424 1633 domos
438 1593 463 1634 et
475 1587 597 1648 religiosa
611 1587 717 1634 deorum

100 1675 201 1724 limina.
230 1689 279 1722 nec
292 1675 340 1722 soli
353 1689 450 1737 poenas
465 1675 527 1722 dant
539 1676 665 1737 sanguine
678 1675 786 1723 Teucri:

100 1764 234 1827 quondam
246 1763 324 1811 etiarn
336 1763 409 1811 victis
422 1764 489 1811 redit
501 1764 528 1810 in
541 1765 693 1827 praecordia
705 1765 783 1812 virtus

99 1853 259 1915 victoresque
273 1852 369 1900 cadunt
381 1852 476 1900 Danai.
504 1854 613 1901 crudelis
627 1853 722 1916 ubique

99 1942 193 2000 luctus,
208 1941 304 2003 ubique
317 1956 396 2003 pavor
409 1949 434 1989 et
446 1941 559 2004 plurima
571 1943 660 1990 mortis
673 1943 769 2004 imago.

49 2033 80 2082 to
134 2029 236 2078 Primus
252 2044 288 2089 se,
304 2029 426 2078 Danaum
438 2044 534 2092 magna
547 2031 685 2079 comitante
699 2040 808 2090 caterva,

98 2118 255 2180 Androgeos
268 2119 342 2167 offert
354 2118 438 2177 nobis,
454 2119 525 2167 socia
538 2119 643 2181 agmina
656 2121 761 2168 credens

99 2207 206 2266 inscius,
222 2215 299 2270 atque
312 2209 380 2255 ultro
394 2208 476 2256 verbis
490 2209 629 2270 compellat
641 2209 731 2257 amicis
740 2225 752 2255 :⁴

95 2286 235 2355 ‘festinata
250 2297 306 2344 viri.
335 2312 396 2344 narn
409 2312 475 2359 quae
489 2304 542 2345 tarn
555 2311 612 2345 sera
625 2305 740 2345 moratur

99 2385 240 2446 segnities?
259 2385 303 2433 alii
317 2386 420 2448 rapiunt
432 2387 539 2435 incensa
551 2387 686 2448 feruntque
748 2401 751 2407 ·

49 2479 80 2526 75
99 2473 241 2535 Pergama3
260 2489 304 2522 vos
319 2475 392 2523 celsis
406 2489 474 2523 nunc
487 2475 598 2538 primurn
612 2491 627 2523 a
640 2474 747 2522 navibus
760 2465 827 2521 itisl'

99 2562 166 2610 dixit
178 2571 203 2611 et
216 2564 345 2626 extemplo
359 2562 454 2625 (neque
472 2565 542 2612 enim
558 2578 682 2626 responsa
700 2563 828 2611 dabantur

98 2651 152 2699 fida
164 2651 238 2715 satis)
252 2653 332 2701 sensit
344 2653 442 2700 medios
456 2653 576 2718 delapsus
590 2653 619 2701 in
628 2652 726 2701 itastis.
