1816 2956
82 111 119 159 98
319 118 346 156 P.
362 117 484 157 veneral
505 115 635 178 maratus

150 276 285 325 advolvere
298 274 362 323 focis
375 274 459 321 ulmos
472 273 578 336 ignique
592 273 692 321 dedere.

149 365 192 413 hic
204 371 308 413 noctem
320 364 382 412 ludo
397 363 495 411 ducunt
507 368 532 410 et
544 363 640 424 pocula
652 361 712 410 laeti

79 459 130 502 380
150 453 275 502 fermento
289 459 367 516 atque
380 452 461 500 acidis
474 451 608 499 imitantur
620 450 688 498 vitea
700 450 791 498 sorbis.

150 543 209 591 tulis
222 541 388 605 Hyperboreo
402 547 499 602 septem
512 539 627 587 subiecta
641 538 717 586 trioni

147 645 211 694 gens
224 630 321 678 effrena
333 629 416 676 virum
427 627 545 691 Rhipaeo
554 627 675 676 tunditur
687 641 749 675 euro

148 726 173 768 et
185 719 314 781 pecudum
326 717 401 765 fulvis
414 718 514 765 velatur
527 731 636 779 corpora
649 715 734 765 saetis.

185 806 213 856 Si
226 807 272 854 tibi
285 807 405 854 lanitium
418 820 504 864 curae,
519 805 631 868 primum
644 819 736 866 aspera
747 804 822 862 silva,

78 902 128 945 385
149 897 294 958 lappaeque
307 895 456 958 tribulique,
473 895 574 953 absint;
595 893 655 955 fuge
668 892 765 955 pabula
779 891 857 940 laeta.

149 984 324 1047 continuoque
336 998 426 1046 greges
440 984 506 1032 villis
520 984 577 1045 lege
590 981 713 1030 mollibus
726 981 809 1030 albos.

148 1073 225 1121 illum
237 1079 332 1131 autem,
348 1073 464 1135 quamvis
477 1073 542 1121 aries
556 1072 590 1119 sit
602 1071 726 1119 candidus
740 1070 804 1132 ipse,

149 1163 225 1224 nigra
237 1161 323 1210 subest
335 1163 387 1209 udo
400 1168 500 1209 tantum
513 1161 554 1209 cui
567 1160 658 1221 lingua
670 1159 768 1222 palato,

149 1251 225 1309 reice,
240 1265 273 1299 ne
286 1251 394 1299 maculis
407 1250 518 1299 infuscet
529 1249 626 1297 vellera
638 1247 717 1311 pullis
792 1250 794 1254 ’

79 1344 129 1388 390
149 1346 309 1398 nascentum,
325 1340 455 1402 plenoque
469 1339 550 1386 alium
562 1336 729 1401 circumspice
743 1351 846 1399 campo.

149 1442 254 1475 munere
267 1428 304 1476 sic
317 1428 391 1476 niveo
405 1429 490 1486 lanae,
505 1427 527 1474 si
540 1427 643 1474 credere
659 1425 800 1487 dignumst,

148 1515 204 1563 Pan
218 1515 280 1564 deus
293 1517 422 1565 Arcadiae
435 1524 538 1579 captam
551 1522 584 1574 te,
600 1514 684 1573 Luna,
700 1514 801 1573 fefellit,

149 1604 175 1651 in
187 1618 294 1653 nemora
306 1606 359 1653 alta
369 1620 479 1665 vocans;
493 1619 541 1653 nec
553 1608 877 1666 tuaspernatavocantem.

184 1692 220 1742 At
233 1693 274 1741 cui
288 1693 362 1741 lactis
376 1708 463 1755 amor,
484 1694 592 1756 cytisum
605 1693 725 1754 lotosque
738 1691 879 1754 frequentis

79 1787 129 1830 395
149 1781 204 1844 ipse
216 1795 296 1829 manu
309 1782 442 1844 salsasque
456 1782 521 1831 ferat
533 1781 700 1845 praesepibus
713 1780 817 1829 herbas.

148 1870 210 1919 hinc
223 1877 247 1918 et
260 1877 348 1918 amant
359 1871 449 1919 fluvios
461 1871 544 1932 magis
557 1877 582 1918 et
592 1871 675 1932 magis
683 1869 763 1918 ubera
770 1870 881 1917 tendunt

149 1966 174 2007 et
187 1959 248 2006 salis
263 1960 394 2007 occultum
407 1960 520 2008 referunt
532 1959 559 2006 in
573 1959 639 2007 lacte
652 1973 780 2021 saporem.

150 2048 225 2094 multi
238 2047 291 2094 iam
304 2055 420 2095 excretos
434 2048 572 2110 prohibent
585 2063 600 2094 a
613 2048 737 2095 matribus
751 2047 852 2095 haedos

149 2136 284 2198 primaque
296 2136 397 2185 ferratis
411 2139 556 2200 praefigunt
568 2152 615 2185 ora
628 2136 758 2199 capistris,

79 2231 130 2271 400
150 2225 219 2286 quod
234 2233 354 2287 surgente
367 2225 408 2274 die
421 2227 532 2275 mulsere
545 2226 668 2287 horisque
681 2225 788 2280 diurnis,

149 2321 365 2376 noctepremunt3
381 2315 450 2376 quod
463 2315 516 2364 iam
528 2314 639 2363 tenebris
652 2321 678 2362 et
690 2313 746 2361 sole
760 2315 877 2370 cadente,

146 2401 195 2449 sub
208 2404 295 2451 lucem
309 2409 447 2467 exportans
461 2403 570 2451 calathis
588 2403 642 2450 adit
659 2402 757 2465 oppida
773 2409 877 2465 pastor:

134 2499 184 2539 aut
193 2509 281 2556 parco
297 2495 354 2545 sale
370 2490 691 2557 contingucutbieuuuue
700 2498 839 2550 repensus.

159 2582 190 2630 N
189 2599 224 2635 cc
241 2587 291 2636 tibi
310 2604 379 2639 cura
394 2602 501 2638 canum
510 2582 594 2634 luerit
603 2583 751 2645 pssum„
762 2575 812 2620 sen
820 2587 876 2618 *sub
