1816 2956
93 164 154 223 424
333 175 360 215 r.
377 173 499 214 veneror
518 172 648 215 umerus

163 330 300 393 sanguinei
314 329 425 392 lugubre
436 329 529 379 rubent
541 336 586 378 aut
598 328 679 380 Sirius
693 332 780 392 ardor,

163 421 208 469 ille
221 420 292 468 sitim
304 418 460 482 morbosque
474 418 558 468 ferens
572 420 724 468 mortalibus
738 421 833 484 aegris,

92 513 143 558 275
164 509 278 558 nascitur
291 515 316 557 et
329 509 401 556 laevo
415 508 550 557 contristat
562 508 660 557 lumine
673 508 784 558 eaelum.

199 597 274 645 Haud
289 605 375 646 tamen
389 597 482 645 audaci
495 596 584 646 Turno
598 597 693 646 fiducia
706 599 783 647 cessit

163 686 241 734 litoru
254 687 403 749 praecipere
416 693 441 734 et
453 685 577 734 venientis
591 686 687 748 pellere
700 694 777 736 terra.

163 774 244 839 [ultro
258 775 358 822 animos
371 774 439 822 tollit
451 774 526 823 dietis
540 782 617 838 utque
629 775 746 839 increpat
758 777 854 842 ultro]

160 853 241 927 ‘quod
255 863 319 911 votis
333 863 441 926 optastis
455 864 536 923 adest,
552 863 710 925 perfringere
723 865 826 915 dextra.

92 956 144 1000 280
164 952 191 1000 in
204 952 323 1000 menibus
336 951 405 1000 Mers
419 952 483 1013 ipse,
499 951 554 999 viri.
582 966 652 1000 nuno
665 953 785 1016 coniugis
799 963 855 1003 esto

163 1041 273 1103 quisque
287 1054 349 1090 suae
362 1040 474 1103 tectique
487 1055 594 1100 memor,
611 1054 680 1089 nunc
692 1055 791 1103 magua
802 1043 893 1092 referto

163 1128 239 1188 fucta,
256 1138 358 1192 patrum
369 1129 467 1178 laudes.
495 1130 564 1177 ultro
572 1144 737 1177 occurramus
744 1131 778 1178 ed
787 1133 892 1191 undam,

164 1218 225 1265 dum
238 1218 331 1280 trepidi
345 1218 505 1280 egressisque
518 1217 608 1265 labant
620 1218 730 1280 vestigia
741 1220 838 1281 prima.

163 1306 280 1354 audentis
294 1305 408 1354 Fortuna
420 1297 508 1354 iuvat?

93 1399 142 1442 285
163 1394 227 1442 hoec
241 1395 314 1443 uitet
327 1409 413 1443 seeum
426 1401 510 1443 versut
523 1409 587 1457 quos
602 1396 694 1443 ducere
707 1403 801 1444 eontra

162 1483 202 1532 vel
217 1483 309 1546 quibus
323 1483 441 1531 obsessos
454 1484 536 1546 possit
549 1484 703 1531 concredere
716 1498 815 1532 muros.

198 1572 301 1620 Interea
312 1573 415 1620 Aeneas
429 1571 513 1619 socios
527 1571 558 1618 de
572 1571 700 1633 puppibus
714 1571 775 1619 altis
847 1578 848 1582 ’

163 1661 284 1723 pontibus
298 1659 411 1721 exponit.
440 1659 513 1707 multi
527 1674 627 1707 servare
641 1674 758 1707 recursus

164 1749 310 1810 languentis
323 1748 409 1810 pelagi
424 1754 449 1796 et
461 1746 579 1795 brevibus
593 1762 620 1796 se
633 1749 736 1796 eredere
749 1750 837 1810 sultu3

94 1842 144 1885 290
164 1853 210 1900 per
223 1852 306 1885 remos
320 1837 375 1886 alii.
401 1837 549 1899 speculatus
563 1837 640 1883 litora
652 1837 786 1896 Tarchon,

164 1941 215 1988 qua
228 1926 293 1974 voda
306 1941 358 1973 non
372 1925 472 1988 spirant
484 1939 531 1973 nec
545 1926 626 1974 fracta
633 1934 808 1974 remurmurat
816 1928 894 1985 unda,

163 2015 207 2062 sed
221 2029 291 2061 mare
304 2014 459 2062 inoffensum
473 2015 596 2062 crescenti
611 2015 740 2061 adlabitur
753 2024 839 2076 aestu,

165 2102 272 2151 advertit
285 2101 369 2149 subito
383 2117 487 2164 proram
500 2103 636 2165 sociosque
650 2110 780 2165 precatur.

161 2180 250 2246 ‘nunc‚
267 2206 282 2238 o
296 2191 363 2240 lecta
375 2207 475 2250 monus,
491 2191 582 2240 validis
596 2192 735 2240 incumbite
749 2194 846 2254 rernis3

95 2284 144 2327 295
165 2279 256 2338 tollite,
273 2279 336 2329 ferte
349 2288 431 2339 rates3
451 2280 582 2328 inimicam
596 2280 683 2328 findite
697 2281 788 2328 rostris

165 2368 232 2416 hanc
246 2377 348 2428 terram,
364 2369 516 2430 sulcumque
529 2369 576 2415 sibi
591 2378 691 2431 premnt
703 2369 760 2431 ipsa
774 2371 878 2420 carina.

110 2510 115 2518 ¹
165 2457 284 2519 frangere
298 2473 345 2506 neo
359 2457 402 2504 tali
416 2457 521 2518 puppim
536 2458 647 2505 statione
660 2472 761 2515 recuso,

165 2552 268 2608 arrepta
281 2547 373 2595 tellure
386 2538 484 2593 semel.³
510 2560 576 2607 quae
590 2546 652 2593 talia
664 2554 806 2608 postquam

162 2635 255 2686 effatus
269 2635 401 2695 Tarchon,
416 2634 479 2682 socii
494 2649 650 2696 consurgere
664 2635 744 2685 tonsis
