1816 2956
47 105 108 154 288
285 115 311 155 P.
329 114 451 155 vunnim
469 115 599 157 naseins

115 273 184 322 idem
197 287 273 321 orans
286 273 409 322 mandata
422 274 508 323 dabat.
540 277 664 338 gnatique
676 276 818 338 patrisque,

117 363 195 421 alma,
210 376 310 434 precor,
325 362 445 411 miserere
456 362 540 426 (potes
548 379 659 427 namque
667 365 755 413 omnia
762 371 843 412 necte

114 451 272 514 nequiquam
285 450 351 499 lucis
364 451 460 500 Hecale
473 453 596 515 praefecit
608 453 738 516 Auernis),

114 541 135 589 si
149 540 233 604 potuit
244 540 327 587 manis
341 554 469 589 arcessere
483 542 601 603 coniugis
615 541 744 604 Orpheus,

46 635 95 678 120
114 629 234 678 Threicia
247 628 325 677 fretus
339 629 438 677 cithara
450 630 595 692 fidibusque
609 631 720 690 canoris,
827 617 829 622 ἲ

115 719 136 766 si
149 719 253 767 fratrem
266 719 360 766 Pollux
374 719 473 766 alterna
485 726 567 767 morte
580 720 688 767 redemit

114 808 184 870 itque
201 808 318 870 reditque
334 807 402 855 viam
420 808 522 856 totiens.
556 809 618 870 qnid
632 808 748 868 Thesea,
770 822 840 870 mag·

416 911 478 943 num

114 985 176 1048 quid
202 999 341 1034 memorem
360 984 489 1033 Alciden?
519 992 544 1033 et
566 985 600 1032 mi
624 1000 705 1047 genus
730 986 762 1034 ab
781 986 841 1035 Iove

413 1065 533 1122 summo.'

148 1163 256 1212 Talibus
270 1163 361 1211 orabat
374 1163 447 1212 dictis
461 1177 571 1224 arasque
584 1162 694 1220 tenebat,

44 1257 92 1300 125
113 1267 172 1300 cnm
184 1252 221 1300 sic
234 1266 294 1301 orsa
306 1252 378 1314 loqui
392 1259 470 1299 vates.
495 1241 560 1299 ‘sate
573 1252 699 1312 sangnine
713 1251 808 1310 divom,

112 1342 177 1390 Tros
190 1341 359 1400 Anchisiade,
375 1340 457 1389 facilis
471 1341 608 1388 descensus
621 1341 739 1400 Averno3

111 1437 199 1479 noctes
214 1437 290 1493 atque
304 1431 358 1478 dies
371 1437 442 1493 patet
454 1430 501 1477 atri
515 1430 594 1478 ianua
605 1429 688 1477 Ditis:

111 1520 154 1568 sed
169 1534 287 1568 revocare
301 1520 410 1581 gradum
422 1533 580 1581 superasque
594 1519 699 1567 evadere
711 1519 744 1566 ad
753 1533 838 1576 auras,

111 1609 248 1670 hocopus,
264 1608 305 1656 hic
319 1608 393 1657 labor
406 1617 451 1656 cst.
476 1608 561 1670 pauci,
578 1623 641 1670 quos
656 1622 731 1655 aecus
745 1607 840 1654 amavit

44 1703 92 1746 130
112 1698 226 1761 Iuppiter
239 1705 284 1746 aut
296 1698 388 1745 ardens
403 1697 486 1746 evexit
499 1698 530 1744 ad
545 1696 649 1745 aethera
661 1696 749 1753 virtus,

112 1787 150 1834 dis
163 1787 242 1848 genili
257 1794 372 1849 potuere.
401 1793 488 1834 tenent
501 1787 585 1834 media
600 1785 688 1833 omnia
700 1785 780 1833 silvae

112 1875 275 1938 Cocytosque
288 1876 347 1923 sinu
360 1875 448 1922 labens
463 1874 629 1922 circumvenit
642 1880 706 1920 ntro.

112 1965 180 2027 quod
194 1965 214 2011 si
230 1972 315 2012 tantus
328 1979 401 2012 amor
414 1964 502 2022 menti,
518 1964 538 2010 si
553 1970 625 2010 tanta
638 1962 731 2024 cupido

110 2054 149 2101 bis
163 2051 265 2116 Stygios
279 2053 370 2101 innare
383 2054 463 2111 lacus,
479 2052 518 2099 bis
532 2051 606 2112 nigra
618 2050 704 2098 videre

43 2147 90 2189 135
110 2143 228 2199 Tartara,
245 2149 270 2190 et
281 2143 373 2189 insano
387 2142 457 2188 iuvat
469 2141 602 2202 indulgere
616 2140 708 2198 labori,

111 2231 199 2294 accipe
213 2245 279 2293 quae
291 2231 439 2292 peragenda
452 2230 531 2292 prins.
559 2230 621 2276 latet
634 2228 725 2277 arbore
738 2243 822 2292 opaca
898 2210 902 2291 l

111 2335 202 2369 aureus
216 2328 241 2368 et
253 2319 323 2366 foliis
337 2326 361 2366 et
374 2319 444 2367 lento
458 2319 552 2366 vimine
564 2332 659 2375 ramus,

110 2408 204 2456 Iunoni
218 2407 334 2455 infernae
348 2408 430 2455 dietus
444 2422 531 2455 sacer:
552 2406 622 2454 hunc
635 2406 699 2466 tegit
711 2406 796 2453 omnis

110 2499 182 2546 lucus
196 2504 222 2545 et
234 2496 349 2544 obscuris
363 2497 488 2545 claudunt
500 2495 659 2543 convallibus
672 2493 788 2543 umbrae.

20 2590 77 2634 140
93 2587 146 2636 sed
158 2602 212 2636 non
227 2594 289 2639 ante
304 2587 381 2637 datur
394 2585 494 2636 telluris
507 2591 596 2649 operta
607 2583 701 2641 subire,
