1816 2956
270 209 418 249 nanniuos
439 210 526 248 arana
543 211 585 248 111.
765 199 826 248 205

100 368 232 430 adgnosco
246 365 394 428 Scaeaeque
408 368 550 429 amplector
563 367 653 414 limina
667 375 765 428 portae.

99 470 148 505 nee
161 469 213 502 non
227 463 252 504 et
264 455 357 503 Teucri
371 455 442 503 socia
455 456 531 502 simul
545 455 608 503 urbe
621 455 748 502 fruentur.

99 545 160 593 illos
173 543 314 607 porticibus
327 559 373 591 rex
386 543 528 605 accipiebat
540 544 567 590 in
582 545 692 607 amplis3

100 633 170 682 aulai
184 633 269 680 medio
283 632 400 680 libabant
412 633 507 695 pocula
519 632 625 690 Bacchi,

47 726 81 772 55
100 721 219 784 inpositis
233 735 296 769 auro
310 720 428 783 dapibus,
444 727 597 784 paterasque
610 721 740 770 tenebant.

135 809 243 872 Iamque
256 809 310 857 dies
324 810 439 871 alterque
453 809 506 857 dies
520 810 644 872 processit
656 818 682 858 et
693 824 772 858 aurae

101 899 159 947 vela
169 905 263 946 vocant
275 898 426 960 tumidoque
439 898 543 945 inflatur
555 897 677 945 carbasus
691 907 791 945 anano:

100 987 141 1035 his
154 993 237 1035 vatem
252 986 390 1048 adgredior
403 986 477 1034 dictis
491 1001 522 1034 ac
534 986 598 1033 talia
611 1001 716 1048 quaeso.

98 1065 271 1136 ‘Troiugena,
288 1075 413 1137 interpres
427 1075 525 1132 divom,
542 1074 586 1136 qui
599 1075 707 1121 numina
720 1074 828 1132 Phoebi,

49 1170 83 1215 60
102 1165 146 1227 qui
160 1165 284 1227 tripodas,
301 1162 381 1211 Clarii
395 1164 492 1221 laurus,
509 1163 552 1224 qui
566 1163 651 1210 sidera
662 1163 741 1210 sentis

102 1261 127 1302 et
138 1254 273 1301 volucrum
286 1252 389 1314 linguas
403 1259 427 1300 et
440 1252 568 1314 praepetis
581 1252 669 1299 omina
682 1251 786 1313 pinnae,

102 1342 156 1391 sare
176 1356 223 1403 age
243 1340 367 1403 (namque
386 1355 490 1388 omnem
508 1355 610 1388 cursum
627 1340 690 1388 mihi
708 1354 833 1402 prospera

405 1430 470 1476 dixit

104 1519 196 1580 religio
210 1526 235 1566 et
248 1518 333 1566 cuncti
346 1524 482 1566 suaserunt
494 1518 599 1566 numine
613 1517 662 1565 divi

102 1607 206 1655 Italiam
220 1613 305 1670 petere
319 1613 343 1654 et
356 1613 436 1654 terras
449 1614 574 1669 temptare
587 1615 718 1668 repostas,

51 1701 83 1747 65
104 1697 161 1745 sola
173 1710 268 1743 novom
282 1695 403 1757 dictuque
416 1695 488 1743 nefas
501 1695 609 1757 harpyia
624 1693 737 1744 Celaeno

104 1785 252 1848 prodigium
265 1784 335 1832 canit
347 1792 372 1831 et
384 1784 462 1830 tristis
476 1784 611 1832 denuntiat
623 1785 682 1844 iras,

105 1873 295 1936 obscenamque
308 1872 414 1934 samem)
429 1887 495 1934 quae
509 1873 592 1934 prima
604 1873 720 1935 pericula
732 1873 803 1921 vito?

104 1962 198 2026 quidve
211 1976 319 2024 sequens
333 1968 419 2009 tantos
433 1961 529 2023 possim
541 1976 661 2024 superare
675 1954 797 2010 laborisl'

104 2031 147 2099 hio
159 2051 282 2110 Helenus,
299 2050 380 2099 caesis
393 2050 505 2111 primum
519 2050 634 2098 demone
647 2050 770 2108 iuvencis,

47 2144 86 2190 070
105 2128 196 2189 exorat
208 2155 300 2202 pacem
314 2140 399 2186 divom
411 2138 538 2200 vittasque
551 2139 656 2187 resolvit

104 2229 198 2277 sacrati
211 2228 301 2292 capitis
314 2242 406 2290 meque
420 2227 451 2275 ad
466 2233 510 2274 tua
523 2226 621 2286 limina,
637 2227 750 2286 Phoebe,

104 2319 159 2380 ipsc
172 2333 251 2366 manu
263 2318 345 2365 multo
358 2330 511 2378 suspensum
524 2316 630 2364 numine
644 2316 715 2364 ducit

105 2413 182 2468 atque
195 2407 259 2454 haee
273 2406 365 2454 deinde
379 2405 448 2452 canit
461 2405 547 2452 divino
561 2419 594 2452 ex
607 2419 651 2452 ore
664 2406 793 2453 sacerdos.

137 2485 212 2543 ‘Nate
226 2496 282 2554 dea,
298 2509 359 2542 nam
372 2502 396 2541 te
409 2493 550 2540 maioribus
563 2493 600 2541 ire
613 2507 658 2555 per
671 2494 753 2541 altum

47 2586 85 2633 »75
105 2583 226 2645 auspiciis
240 2582 376 2631 manifesta
388 2582 451 2630 fides
465 2581 513 2644 (sic
526 2582 579 2629 fata
592 2581 668 2629 deum
681 2595 726 2629 rex

104 2672 210 2719 sortitur
222 2671 351 2734 volvitque
363 2670 440 2731 vices,
455 2670 478 2719 is
490 2671 599 2720 vertitur
613 2669 706 2732 000οῆἸ
