1816 2956
298 181 446 223 Aruernos
464 182 553 222 asnaa
568 183 600 222 x.
784 150 843 221 421

123 342 282 404 linquentem
295 348 375 389 terras
390 348 415 388 et
426 339 513 389 sidera
524 354 586 388 voce
599 346 757 403 sequentem.

122 431 199 490 lilius,
216 430 332 493 aequalis
346 429 482 477 comitatus
496 430 577 478 classe
591 435 713 488 catervas,

54 524 102 567 195
122 520 253 582 ingentem
266 519 343 568 remis
357 517 515 567 Centaurum
529 524 678 581 promovet:
698 519 744 568 ille

123 610 202 657 instat
214 622 297 672 equae
309 621 452 670 saxumque
465 607 540 654 undis
554 607 658 656 inmane
670 608 783 658 minatur

123 699 216 746 arduos
231 704 256 746 et
268 697 348 758 longa
360 696 445 744 sulcat
455 695 539 744 maria
551 695 603 743 alta
618 696 714 744 carina.

158 788 206 835 Ille
220 787 297 835 etiam
310 785 399 848 patriis
412 799 506 846 agmen
520 784 570 833 ciet
582 783 670 833 Ocnus
684 784 716 832 ab
729 785 790 843 oris,

123 875 243 924 fatidicae
256 875 359 922 Mantus
373 880 398 922 et
410 872 488 921 Tusci
502 873 570 921 filius
584 873 677 932 amnis,

54 968 104 1009 200
124 963 168 1024 qui
181 977 268 1009 muros
282 962 423 1023 matrisque
436 961 507 1008 dedit
519 961 574 1021 tibi,
590 962 707 1019 Mantua,
723 975 826 1020 nomen,

124 1051 240 1108 Mantua,
257 1050 325 1098 dives
340 1050 407 1096 atris:
422 1049 466 1096 sed
481 1063 534 1096 non
544 1064 625 1112 genus
633 1049 752 1099 omnibus
760 1065 848 1099 unum.

124 1153 186 1200 gens
200 1139 238 1186 illi
253 1138 355 1200 triplex,
371 1137 461 1199 populi
474 1137 520 1185 sub
533 1145 610 1199 gente
624 1139 750 1201 quaterni,
836 1195 837 1198 Ἴ

124 1228 180 1289 ipsa
193 1233 271 1290 caput
283 1226 395 1289 populis,
410 1226 496 1274 Tusco
511 1227 542 1274 de
554 1228 681 1289 sanguine
693 1228 766 1277 vires.

124 1317 184 1365 hinc
198 1330 302 1379 quoque
316 1316 470 1378 quingentos
483 1315 510 1361 in
523 1329 550 1363 se
562 1316 703 1364 Mezentius
717 1324 808 1376 armet,

55 1410 104 1453 205
126 1420 191 1468 quos
204 1413 276 1469 patre
288 1405 393 1453 Benaco
407 1405 505 1453 velatus
518 1404 664 1453 harundine
676 1406 771 1468 glauca

125 1495 236 1543 Mincius
248 1493 342 1542 infesta
355 1492 465 1541 ducebat
477 1493 504 1540 in
518 1507 632 1555 aequora
645 1494 716 1556 pinu.

126 1583 146 1630 it
158 1584 241 1644 gravis
255 1583 375 1632 Aulestes
390 1590 550 1644 centenaque
562 1581 653 1630 arbore
666 1582 771 1631 fluctum

125 1672 242 1720 verberat
252 1671 395 1732 adsurgens
404 1687 410 1730 3
425 1676 546 1733 spumant
556 1671 621 1718 vada
630 1685 759 1721 marmore
769 1686 851 1720 verso.

126 1760 195 1807 hunc
208 1760 277 1807 vehit
289 1759 400 1805 inmanis
413 1759 504 1807 Triton
518 1766 543 1807 et
556 1759 661 1807 caerula
673 1760 774 1808 concha

56 1853 107 1895 210
127 1855 256 1895 exterrens
270 1846 350 1906 freta3
371 1847 412 1894 cui
425 1847 534 1895 laterum
548 1855 622 1894 tenus
635 1847 739 1910 hispida
751 1848 823 1896 nauti

127 1935 197 1982 frons
211 1935 342 1984 hominem
356 1934 475 1997 praefert,
491 1936 518 1982 in
532 1936 631 1999 pristim
644 1936 739 1985 desinit
751 1937 837 1996 alvos3

127 2038 234 2086 spumea
247 2023 365 2072 semifero
379 2023 425 2070 sub
439 2031 543 2085 pectore
555 2032 699 2073 murmurat
710 2025 789 2073 unda.

163 2111 214 2159 Tot
226 2112 285 2160 lecti
299 2127 418 2174 proceres
432 2119 469 2159 ter
483 2112 554 2160 denis
568 2114 675 2162 navibus
688 2113 762 2163 ibant

128 2199 243 2248 subsidio
256 2200 350 2250 Troiae
364 2208 389 2249 ct
402 2215 506 2264 campos
519 2202 580 2249 salis
594 2216 653 2250 aere
665 2201 795 2251 secabant.

57 2294 108 2337 215
163 2289 271 2352 lamque
285 2290 339 2338 dies
353 2291 425 2338 caelo
440 2297 601 2339 concesserat
614 2291 734 2353 almaque
747 2305 822 2340 curru

128 2377 264 2439 noctivago
277 2378 381 2427 Phoebe
397 2379 510 2426 medium
522 2379 644 2442 pulsabat
657 2379 811 2442 Olympum:

127 2467 230 2514 Aeneas
245 2465 340 2530 (neque
354 2467 421 2516 enim
434 2467 555 2516 membris
569 2468 613 2516 dat
625 2483 687 2516 cura
699 2467 831 2530 quietem

129 2555 184 2616 ipse
197 2556 287 2604 sedens
302 2557 455 2621 clavemque
467 2557 537 2621 regit
548 2557 673 2620 velisque
683 2553 838 2602 ministrat.

116 2649 195 2703 atque
206 2643 250 2691 illi
259 2646 349 2694 medio
364 2647 394 2697 in
407 2649 499 2714 spatio
516 2649 639 2707 chorus,
653 2655 736 2699 ecces
748 2638 878 2685 mmm
