1816 2956
272 185 419 236 naualnos
437 195 524 234 aranu
542 197 572 235 x.

98 360 142 417 per
155 356 238 403 varios
251 355 341 402 sternit
357 369 439 402 casus.
468 353 579 401 accurrit
592 351 718 401 Halaesus

98 446 288 506 Auruncaeque
302 458 402 502 manus,
418 442 487 489 subii
500 449 525 489 et
537 441 667 504 Neptunia
680 443 774 505 proles,

97 534 206 595 insignis
219 533 353 594 Messapus
367 531 448 594 equis.
477 532 605 593 expellere
618 532 727 580 tendunt

51 628 77 669 35
99 638 167 671 nunc
180 623 215 681 hi,
232 637 301 669 nunc
314 620 351 668 illi
363 638 369 679 ;
391 625 502 669 certatur
515 619 603 669 limine
616 619 643 667 in
656 621 713 683 ipso

98 713 240 760 Ausoniae.
268 722 363 770 magno
377 709 508 758 discordes
523 709 625 758 aethere
638 710 707 757 venti

98 801 197 863 proclia
212 815 257 849 ceu
271 798 367 846 tollunt
380 799 472 846 animis
487 807 512 847 et
524 797 619 846 viribus
632 797 722 860 aequis
733 815 739 857 ;

99 903 151 935 non
165 890 213 950 ipsi
227 889 294 935 inter
306 901 342 947 se,
358 901 410 934 non
424 887 523 946 nubila,
539 901 591 935 non
604 901 676 935 marc
689 887 772 947 cedit3

99 991 193 1038 anceps
207 989 295 1039 pugna
309 975 368 1034 diu3
389 979 458 1022 stant
471 975 568 1023 obnixa
581 977 669 1024 omnia
682 981 785 1025 contra:

51 1070 80 1112 50
100 1064 168 1111 haud
183 1064 257 1111 aliter
269 1063 399 1112 Troianae
413 1063 480 1111 acies
494 1063 613 1126 aciesque
626 1064 735 1113 Latinae

100 1157 265 1207 concurrunt,
281 1148 370 1197 haeret
382 1149 446 1212 pede
459 1164 503 1211 pes
517 1151 663 1214 densusque
677 1153 730 1200 viro
743 1153 790 1200 vir.

136 1239 171 1286 At
183 1244 255 1300 parte
269 1251 302 1284 ex
315 1237 376 1295 alia,
392 1251 444 1299 qua
457 1251 521 1284 saxa
533 1240 646 1287 rotantia
658 1241 710 1287 late

100 1329 231 1390 inpulerat
243 1332 341 1374 torrens
354 1324 511 1388 arbustaque
525 1325 610 1375 diruta
623 1327 694 1389 ripis,

100 1417 226 1475 Arcadas,
242 1416 356 1463 insuetos
370 1414 437 1463 acies
450 1414 545 1463 inferre
557 1415 696 1478 pedestres,

51 1512 80 1555 55
101 1513 129 1553 nt
142 1507 205 1553 vidit
217 1505 305 1552 Pallas
318 1503 395 1551 Latio
409 1504 470 1552 dare
483 1512 556 1566 terga
569 1505 675 1567 sequaci

101 1595 205 1658 (aspera
218 1595 275 1658 quis
288 1600 381 1640 natura
394 1593 445 1642 loci
459 1594 587 1643 dimittere
600 1594 705 1656 quando

101 1684 182 1732 suasit
195 1683 296 1747 equos),
310 1698 392 1731 unum
405 1683 474 1746 quod
488 1683 563 1732 rebus
577 1689 656 1731 restat
669 1683 766 1744 egenis,

101 1787 170 1820 nunc
183 1787 271 1834 prece,
292 1786 361 1820 nunc
375 1772 448 1820 dictis
461 1772 580 1823 uirtutem
594 1772 712 1821 accendit
724 1774 827 1821 amaris.

97 1850 160 1922 ‘quo
175 1860 271 1921 sugitis,
288 1860 369 1909 socii?
388 1875 491 1923 perros
505 1867 530 1909 et
542 1859 620 1908 fortia
633 1860 709 1922 facta,

51 1955 82 1999 70
102 1964 147 2011 per
160 1949 232 1996 ducis
246 1949 360 1997 Euandri
373 1962 468 1997 nomen
483 1949 633 2012 devictaque
646 1949 716 1999 bella

102 2052 224 2100 spemque
242 2053 340 2098 meam,
362 2037 460 2101 patriae
478 2052 544 2100 qnae
564 2053 633 2088 nunc
646 2039 715 2088 subit
728 2041 831 2089 aemula

403 2127 483 2187 laudi,

102 2216 172 2264 fidite
185 2230 217 2264 ne
230 2215 347 2278 pedibus.
375 2215 442 2263 ferro
456 2217 599 2279 rumpenda
611 2232 657 2280 per
669 2218 751 2267 hostis

102 2312 139 2353 est
151 2305 200 2352 via.
229 2319 281 2367 qua
293 2304 387 2366 globus
401 2304 445 2353 ille
457 2304 540 2353 virum
550 2306 716 2355 densissimus
728 2296 828 2370 urguet,

102 2394 152 2441 hac
164 2408 209 2441 vos
223 2400 248 2441 et
259 2393 381 2442 Pallanta
394 2394 486 2442 ducem
499 2395 584 2458 patria
597 2396 651 2443 alta
663 2398 783 2459 reposcit.

51 2487 82 2532 75
103 2483 209 2529 numina
222 2483 296 2531 nulla
309 2489 436 2545 premunt,
452 2485 555 2531 mortali
565 2498 706 2546 urguemur
717 2483 751 2530 ab
759 2484 841 2529 busta

102 2572 240 2630 mortales;
261 2571 366 2620 totidem
381 2572 458 2623 nobis
472 2575 636 2640 animaeque
647 2582 820 2627 manus&-

89 2671 156 2716 ecce,
171 2661 252 2708 maris
263 2664 366 2728 mag'na
381 2666 488 2718 claudit
501 2682 558 2718 nos
571 2665 657 2717 obice
670 2664 785 2726 pontus
794 2666 807 2706 κ
