1816 2956
307 203 455 243 Aruernos
476 204 563 242 alana
579 205 621 243 111.
801 197 861 243 '213

64 366 117 410 560
138 361 237 423 eripite,
254 361 356 419 osocii,
372 361 518 422 pariterque
531 361 657 422 insurgite
670 353 765 408 retnis'

137 450 207 497 haud
221 450 306 502 minus
320 464 350 496 ac
363 449 425 495 iussi
440 448 552 508 faciunt,
569 450 718 512 primusque
732 451 865 498 rudentem

137 538 263 586 contorsit
276 538 362 585 laevas
375 552 479 599 proram
492 537 630 585 Palinurus
644 539 676 585 ad
689 539 788 598 undas3

137 627 236 675 laevam
250 634 344 674 cuneta
357 625 449 673 cohors
463 627 539 674 remis
552 627 685 689 ventisque
698 628 794 689 petivit.

137 716 254 764 tollimur
266 716 293 762 in
307 715 408 762 eaelum
422 722 526 762 curtato
539 715 640 776 gurgite
654 723 679 762 et
691 715 759 763 idem

64 809 116 853 565
137 804 264 852 subducta
277 804 309 852 ed
323 803 406 851 manis
420 803 486 850 imos
500 803 644 851 desedimus
658 803 737 849 unda.

137 901 175 940 ter
188 892 289 955 scopuli
304 893 444 940 clamorem
457 892 523 939 inter
537 907 599 939 cava
612 907 675 938 saxa
689 892 791 948 dedere,

137 988 176 1028 ter
188 995 307 1042 spumam
321 981 411 1028 elisam
426 988 450 1027 at
463 981 577 1027 rorantia
590 980 699 1027 vidimus
714 988 791 1029 astra.

137 1069 234 1117 interea
248 1069 328 1117 fessos
341 1076 430 1116 ventus
445 1084 503 1116 curn
516 1069 571 1116 sole
584 1069 689 1131 reliquit

137 1158 272 1220 ignarique
286 1158 342 1205 viae
356 1156 499 1219 Cyclopum
514 1157 658 1204 adlabimur
672 1158 731 1204 oris.

64 1252 116 1296 570
172 1247 265 1294 Portus
279 1246 310 1293 ab
326 1260 430 1294 accessu
442 1253 576 1293 ventorum
590 1245 702 1293 inmotus
716 1253 741 1293 et
753 1246 844 1308 ingens

137 1335 200 1397 ipse,
217 1335 262 1382 sed
275 1335 401 1382 horrificis
415 1335 488 1382 iuxta
501 1342 574 1382 tonat
586 1336 671 1383 Aetna
684 1335 773 1394 ruinis,

136 1423 316 1485 interdumque
330 1432 411 1471 atram
425 1425 568 1486 prorumpit
588 1425 619 1471 ad
634 1423 739 1472 aethera
758 1424 863 1483 nubem,

136 1511 238 1559 turbine
251 1511 393 1559 fumantem
407 1513 479 1574 piceo
494 1520 519 1560 et
532 1514 657 1561 candente
671 1514 767 1572 favilla,

135 1600 283 1662 attollitque
296 1600 389 1661 globos
401 1601 563 1649 flammarum
577 1609 602 1650 et
615 1602 700 1650 sidera
713 1602 803 1650 lambit
814 1619 820 1660 ;

63 1692 115 1738 575
134 1687 264 1735 interdum
277 1689 398 1751 scopulos
412 1690 550 1752 avolsaque
563 1691 661 1738 viscera
674 1691 769 1738 montis

136 1776 212 1838 erigit
225 1784 343 1825 eructans
357 1778 548 1840 liquefactaque
561 1794 625 1826 saxa
638 1779 685 1827 sub
700 1794 774 1826 auras

135 1880 194 1912 cum
207 1865 306 1926 gemitu
319 1867 447 1927 glomerat
460 1867 592 1929 fundoque
606 1875 740 1916 exaestuat
752 1869 813 1916 imo.

135 1954 206 2001 sama
219 1960 257 2001 est
268 1953 393 2001 Enceladi
408 1963 549 2004 semustum
562 1955 670 2005 fulmine
684 1971 777 2020 corpus

134 2042 237 2105 urgueri
252 2043 320 2089 mole
333 2042 381 2089 hae
395 2043 578 2107 ingentemque
591 2046 696 2108 insuper
709 2048 821 2095 Aetnam

61 2136 113 2180 580
133 2132 274 2194 inpositam
287 2132 368 2193 ruptis
381 2132 511 2180 flammam
525 2134 641 2196 expirare
656 2135 763 2183 caminis

133 2228 159 2269 et
170 2221 266 2268 fessum
280 2221 398 2282 quotiens
412 2229 493 2268 mutet
506 2222 572 2269 latus
585 2222 722 2271 intremere
736 2239 839 2273 omnem

134 2325 264 2358 murmure
277 2309 440 2357 Trinacriam
454 2319 478 2357 et
492 2312 592 2359 caelum
605 2311 740 2360 subtexere
754 2313 833 2361 l'urno.

132 2405 235 2446 noctem
247 2398 320 2446 illam
334 2398 393 2446 tecti
407 2398 476 2446 silvis
490 2399 605 2448 inmania
617 2408 732 2449 monstra

133 2486 345 2548 perierimusnec
359 2501 425 2549 quae
438 2488 552 2536 sonitum
566 2489 608 2537 det
621 2505 699 2538 causa
711 2491 835 2538 videmus.

59 2579 111 2623 585
132 2589 193 2622 narn
212 2588 296 2636 neque
310 2583 383 2624 erant
396 2584 523 2624 astrorum
542 2579 613 2638 ignes
633 2593 681 2626 nec
700 2579 801 2627 lucidus
822 2595 864 2626 ae-

434 2664 492 2713 titre
