1816 2956
77 188 138 238 440
315 196 342 236 P.
358 193 481 236 imaum
500 192 632 234 HABONIS

147 362 172 404 et
184 354 263 418 patris
277 352 411 414 antiquam
423 351 511 399 Dauni
525 351 638 400 defertur
650 351 683 400 ad
697 352 799 401 urbem.

181 443 217 491 At
229 441 297 490 Iovis
310 440 408 489 interea
420 440 524 488 monitis
536 441 678 488 Mezentius
692 442 789 490 ardens

77 537 127 581 690
146 530 262 580 succedit
273 544 376 592 pugnae
389 528 554 592 Teucrosque
567 528 666 576 invadit
677 535 797 578 ovantes.

147 626 304 669 concurrunt
315 618 465 681 Tyrrhenae
478 617 546 666 acies
559 623 637 680 atque
649 616 773 666 omnibus
786 618 842 678 uni,

146 709 190 757 uni
205 709 322 770 odiisque
336 707 389 755 viro
403 706 513 768 telisque
525 705 702 768 frequentibus
715 706 825 756 instant.

146 797 190 846 ille
204 797 274 845 velut
286 810 362 859 rupes
374 801 474 842 vastum
488 809 555 858 quae
567 795 654 858 prodit
666 794 692 841 in
708 809 820 858 aequor,

146 885 223 934 obvia
234 892 367 933 ventorum
380 883 452 932 furiis
467 891 626 947 expostaque
639 891 731 946 ponto,
904 865 906 868 ,

76 979 126 1022 695
146 974 197 1022 vim
212 979 331 1023 cunctam
350 979 427 1036 atque
440 972 523 1020 minas
542 972 638 1035 perfert
656 973 780 1037 caelique
792 975 878 1024 maris·

447 1076 506 1125 que,

146 1151 203 1214 ipsa
216 1151 314 1199 inmota
327 1166 442 1210 manens,
464 1150 564 1213 prolem
576 1148 750 1198 Dolichaonis
765 1151 878 1202 Hebrum

146 1240 235 1288 sternit
253 1239 340 1299 humi,
362 1254 420 1288 cum
440 1254 491 1301 quo
505 1238 634 1301 Latagum
646 1238 826 1306 Palmumque
845 1243 877 1290 fn·
902 1295 903 1311 χ

446 1341 546 1390 gaeem‚
904 1343 905 1353 ¹

146 1418 191 1468 sed
204 1417 333 1479 Latagum
351 1431 414 1465 saxo
433 1422 510 1479 atque
528 1417 625 1479 ingenti
640 1417 773 1479 fragmine
787 1421 877 1470 montis
898 1437 906 1528 q

147 1515 257 1570 occupat
270 1520 297 1554 os
311 1505 455 1568 faciemque
468 1507 610 1565 adversam,
627 1506 726 1569 poplite
739 1508 863 1559 Palmum

78 1601 127 1648 700
147 1597 248 1646 succiso
261 1595 327 1642 volvi
341 1609 446 1656 segnem
460 1595 529 1653 sinit,
545 1609 668 1657 armaque
681 1593 775 1645 Lauso

147 1687 227 1734 donat
240 1685 335 1732 habere
347 1684 442 1731 umeris
456 1692 482 1731 et
493 1685 586 1732 vertice
599 1685 677 1745 figere
690 1685 797 1735 cristas.

148 1791 195 1824 nec
214 1789 266 1821 non
280 1773 417 1821 Euanthen
430 1772 571 1834 Phrygium
584 1772 739 1834 Paridisque
752 1775 879 1826 Mimanta
901 1826 904 1833 ,

148 1863 283 1926 aequalem
297 1862 477 1924 comitemque,
492 1876 545 1908 una
559 1875 635 1923 quem
649 1869 726 1910 nocte
740 1863 855 1915 Theano

147 1954 173 2001 in
188 1953 272 2000 lucem
285 1951 395 2012 genitori
409 1952 508 2012 Amyco
523 1951 593 1998 dedit
606 1958 631 1998 et
643 1949 700 1997 face
714 1966 851 2017 praegnas

78 2048 127 2093 705
149 2041 243 2090 Cisseis
256 2040 346 2100 regina
359 2040 462 2098 Parim;
482 2039 555 2086 Paris
569 2039 630 2087 urbe
643 2047 755 2101 paterna

148 2131 266 2187 occubat,
282 2129 401 2188 ignarum
414 2128 530 2177 Laurens
544 2128 622 2175 habet
635 2143 680 2175 ora
693 2128 841 2184 Mimanta.

148 2235 178 2268 ac
191 2220 260 2267 velut
273 2218 317 2265 ille
330 2232 423 2264 caurum
437 2231 524 2264 morsu
538 2217 570 2264 de
583 2216 714 2263 montibus
731 2220 796 2270 altis

147 2316 219 2357 actius
233 2321 302 2370 aper,
319 2306 412 2353 multos
425 2305 537 2354 Vesulus
551 2320 627 2368 quem
641 2305 738 2367 pinifer
751 2324 842 2362 annos
899 2363 903 2378 ,

149 2397 263 2446 defendit
276 2396 423 2456 multosque
436 2395 509 2457 palus
523 2394 672 2452 Laurentia,
688 2394 756 2444 silva
907 2378 908 2381 Ἴ

79 2491 129 2538 710
148 2495 235 2551 pastus
249 2483 419 2541 harundines,
435 2490 571 2545 postquam
585 2483 651 2530 inter
664 2483 731 2531 retia
741 2498 881 2547 ventumst,

148 2575 262 2625 substitit
274 2571 456 2633 infremuitque
470 2571 542 2619 ferox
556 2579 580 2620 ct
592 2571 721 2620 inhorruit
736 2590 840 2640 armos,

143 2680 193 2719 nec
206 2662 332 2730 cuiquam
345 2659 421 2711 irasci
433 2661 570 2724 propiusve
582 2660 704 2711 accedere
718 2662 816 2730 virtus,
