1816 2956
269 209 417 248 AENEIDOS
434 210 522 248 LIBER
540 210 589 248 Vll.
766 202 824 249 339

102 366 194 428 stipitis
208 367 249 414 hic
263 366 361 427 gravidi
375 366 464 425 nodis;
485 367 554 428 quod
569 366 662 428 cuique
675 374 803 429 repertum

102 455 215 512 rimanti,
231 455 310 502 telum
324 455 362 501 ira
375 455 445 502 facit.
473 461 547 502 vocat
560 455 665 515 agmina
678 455 801 517 Tyrrhus,

102 543 273 604 quadrifidam
287 557 409 605 quercum
423 543 510 590 cuneis
523 550 552 589 ut
564 543 630 590 l'orte
643 544 738 592 coactis

51 637 82 678 10
101 631 243 690 scindebat,
259 639 333 694 rapta
346 631 446 693 spirans
459 631 563 678 inmane
577 631 668 679 securi.

102 726 129 766 at
141 734 216 768 saeva
229 733 242 767 e
256 719 366 781 speculis
379 727 479 781 tempus
491 719 541 789 dea
554 726 630 766 nacta
642 719 753 767 nocendi

103 809 184 856 ardua
197 815 265 855 tecta
277 808 340 870 petit
353 807 447 855 stabuli
461 816 486 855 et
500 808 530 855 de
544 807 656 855 culmine
669 821 768 855 summo

102 897 230 958 pastorale
244 897 314 945 canit
325 897 428 957 signum
441 910 573 958 cornuque
586 909 691 943 recurvo

102 984 252 1031 Tartaream
266 985 381 1032 incendit
393 999 490 1042 vocem,
507 999 559 1046 qua
571 984 688 1046 protinus
702 998 778 1032 omne

55 1077 81 1119 15
103 1073 257 1120 contremuit
270 1087 359 1120 nemus
377 1080 402 1120 et
415 1073 493 1120 silvae
510 1073 648 1120 insonuere
667 1072 827 1135 profundae3

103 1161 185 1209 audiit
197 1168 223 1210 et
234 1161 336 1209 Triviae
350 1162 428 1223 louge
440 1163 520 1220 lacus,
537 1161 619 1209 audiit
631 1161 714 1208 amnis

102 1249 216 1297 sulfurea
228 1249 281 1298 Nar
294 1250 367 1297 albus
382 1265 450 1312 aqua
463 1249 598 1311 fontesque
610 1249 707 1308 Velini,

103 1345 127 1385 et
140 1337 255 1400 trepidae
268 1345 362 1386 matres
376 1352 490 1400 pressere
504 1338 536 1384 ad
549 1344 654 1399 pectora
667 1345 749 1385 natos.

101 1435 156 1474 tum
169 1441 228 1474 vero
242 1427 274 1474 ad
287 1441 375 1475 vocem
389 1427 493 1483 celeres,
509 1441 561 1487 qua
574 1425 668 1475 bucina
681 1427 783 1488 signum

51 1521 82 1562 20
103 1516 159 1562 dira
172 1515 250 1574 dedit,
266 1515 346 1577 raptis
360 1523 517 1563 concurrunt
528 1515 643 1576 undique
657 1515 715 1563 telis

101 1604 220 1651 indomiti
235 1604 373 1664 agricolae,
388 1617 502 1650 necnon
516 1611 541 1652 et
553 1603 633 1650 Troia
646 1602 726 1665 pubes

101 1692 216 1740 Ascanio
230 1692 355 1739 auxilium
369 1692 457 1738 castris
471 1691 580 1740 effundit
592 1691 696 1754 apertis.

102 1780 218 1827 direxere
231 1779 307 1826 acies.
336 1793 388 1826 non
402 1779 453 1826 iam
468 1780 607 1828 certamine
621 1779 724 1840 agresti,

102 1868 230 1929 stipitibus
243 1867 313 1914 duris
327 1867 413 1927 agitur
426 1867 563 1916 sudibusve
576 1867 711 1930 praeustis,

50 1962 81 2003 25
102 1956 146 2003 sed
160 1955 226 2003 ferro
241 1955 346 2017 ancipiti
361 1956 502 2004 decernunt
514 1962 621 2018 atraque
634 1956 685 2004 late

101 2044 227 2092 horrescit
239 2044 333 2091 strictis
346 2057 419 2104 seges
432 2043 535 2092 ensibus
549 2059 661 2107 aeraque
675 2044 775 2106 fulgent

101 2134 156 2182 sole
169 2133 288 2181 lacessita
301 2140 326 2180 et
344 2133 428 2180 lucem
440 2132 487 2180 sub
501 2132 591 2181 nubila
603 2133 701 2181 iactant
713 2149 719 2192 ;

101 2223 192 2270 fluctus
205 2222 241 2269 uti
255 2222 337 2285 primo
352 2222 437 2284 coepit
449 2236 507 2269 cum
520 2222 650 2271 albescere
662 2230 747 2282 vento,

102 2312 238 2373 paullatim
251 2325 306 2359 sese
320 2310 389 2358 tollit
401 2325 472 2359 mare
485 2317 510 2358 et
523 2310 599 2359 altius
613 2311 696 2360 undas

51 2404 81 2447 30
102 2399 184 2460 erigit,
200 2400 261 2448 inde
272 2401 325 2447 imo
339 2400 472 2461 consurgit
484 2400 515 2446 ad
530 2400 634 2447 aethera
647 2400 736 2447 fundo.

101 2487 143 2535 hic
155 2488 254 2537 iuvenis
267 2489 377 2550 primam
390 2496 450 2535 ante
462 2487 544 2535 aciem
557 2488 680 2536 stridente
693 2486 796 2547 sagitta,

102 2584 219 2624 natorum
233 2577 325 2638 Tyrrhi
339 2575 422 2624 fuerat
435 2575 479 2637 qui
492 2575 628 2633 maximus,
643 2574 730 2632 Almo,

102 2665 238 2722 sternitur3
259 2665 342 2712 haesit
361 2663 429 2711 enim
443 2662 489 2709 sub
504 2669 609 2726 gutture
620 2663 720 2710 uolnus
731 2658 846 2705 etuhae

621 2737 686 2791 ΤΥ
