1816 2956
104 167 141 213 48
335 175 360 214 Ρ.
379 174 499 214 vanem
516 173 647 213 naborem

103 339 153 381 200
172 333 200 381 iu
212 333 285 396 peius
298 346 372 380 ruere
385 347 416 380 ac
428 322 496 379 retro
509 331 633 394 sublapsa
645 330 744 391 referri,

172 436 225 469 uon
239 421 313 469 aliter
326 436 404 483 quam
417 420 462 483 qui
476 421 581 469 adverso
595 421 639 468 vix
650 420 757 469 flumine
768 420 884 469 lembum

172 511 286 572 remigiis
299 509 404 571 subigit,
419 509 441 557 si
455 509 576 558 bracchia
588 509 654 557 forte
667 508 774 568 remisit,

173 607 250 663 atque
263 599 337 648 illum
350 599 378 647 iu
390 613 512 662 praeceps
526 613 608 666 prono
621 597 690 661 rapit
701 597 790 646 alveus
803 597 880 647 amni.

208 688 345 736 Praeterea
357 693 410 735 tem
423 693 483 735 suut
495 687 589 735 arcturi
603 687 688 736 sidera
700 685 776 734 nobis

103 783 152 826 205
173 778 366 839 haedorumque
379 777 432 824 dies
446 775 564 824 servandi
578 782 603 824 et
615 775 717 825 lucidus
731 776 825 837 anguis

173 881 251 928 quam
259 865 351 928 quibus
362 866 389 912 in
401 865 512 928 patriam
523 874 631 915 ventosa
639 879 686 928 per
697 879 815 927 aequora
825 864 898 913 vectis

172 956 271 1004 Pontus
285 961 310 1002 et
322 953 432 1002 ostriferi
445 954 532 1003 fauces
546 960 704 1016 temptantur
714 952 813 1016 Abydi.

172 1044 239 1092 libra
253 1044 294 1092 die
306 1043 442 1105 somnique
454 1057 528 1106 pares
542 1042 586 1090 ubi
599 1042 688 1091 iecerit
700 1041 778 1091 hores

174 1140 198 1181 et
210 1133 324 1180 medium
337 1133 389 1180 luci
403 1138 480 1193 atque
493 1131 589 1179 umbris
603 1132 655 1179 iam
669 1130 760 1178 dividit
772 1131 871 1188 orbem,

103 1227 153 1270 210
173 1229 298 1280 exercete,
313 1221 369 1279 viri,
384 1227 480 1278 tauros,
496 1221 572 1268 serite
585 1220 683 1268 hordea
695 1219 796 1282 campis

173 1325 254 1372 usque
264 1310 310 1358 sub
321 1316 464 1358 extremum
475 1308 580 1357 brumae
592 1308 764 1357 intractabilis
777 1308 896 1366 imbrem

173 1414 220 1447 nec
233 1413 286 1446 non
301 1406 325 1447 et
338 1399 383 1445 lini
397 1405 509 1459 segetem
523 1405 548 1445 et
561 1396 668 1446 Cereale
681 1412 796 1461 papaver

173 1496 272 1550 tempus
298 1488 377 1535 humo
403 1493 503 1548 tegere,
535 1496 561 1534 et
585 1486 728 1534 iaududum
752 1486 897 1535 incumbere

474 1575 574 1633 aratris,
899 1570 904 1583 “

173 1665 234 1713 dum
247 1664 316 1712 sicca
328 1664 420 1712 tellure
434 1663 502 1722 licet,
519 1665 580 1712 dum
592 1663 682 1711 nubila
695 1664 820 1726 pendent.

103 1759 152 1802 215
172 1768 230 1803 vere
243 1753 308 1801 fabis
322 1754 404 1811 seti03
425 1759 479 1799 tum
492 1759 517 1800 te
530 1766 642 1815 quoquc,
657 1752 769 1810 Medica,
785 1760 872 1816 putres

173 1843 303 1906 accipiunt
315 1842 380 1890 sulci
394 1849 418 1890 et
430 1841 503 1889 milio
516 1841 585 1889 venit
598 1856 685 1889 annua
697 1855 769 1900 eure,

174 1932 299 1980 candidus
313 1931 407 1979 auratis
422 1930 504 1993 aperit
516 1945 575 1978 cum
588 1929 709 1978 cornibus
722 1935 822 1978 annum

173 2028 260 2068 taurus
274 2026 299 2068 et
312 2020 417 2068 adverso
432 2020 524 2068 cedens
538 2020 608 2068 canis
622 2018 717 2067 occidit
731 2025 812 2067 estro.
890 2005 895 2017 ’

174 2117 200 2158 at
211 2109 232 2156 si
246 2109 371 2157 triticeam
384 2109 410 2156 in
424 2123 534 2156 messem
547 2108 704 2170 robusteque
717 2107 789 2156 farra

103 2202 153 2245 220
173 2197 303 2245 exercebis
317 2197 423 2245 humum
437 2198 551 2261 solisque
563 2197 670 2245 instabis
684 2196 779 2255 aristis,

174 2292 233 2334 ante
246 2286 291 2334 tibi
304 2286 375 2334 ane
387 2287 533 2334 Atlantides
548 2286 741 2334 abscondantur

173 2374 321 2438 Gnosiaque
335 2375 447 2424 ardentis
461 2376 569 2424 decedat
580 2375 656 2423 stelle
669 2388 792 2433 coronae,

170 2465 258 2513 debite
271 2480 350 2528 quam
363 2465 441 2514 sulcis
455 2465 599 2512 committas
613 2462 712 2511 semine
725 2478 857 2527 quamque

153 2553 258 2605 invitae
271 2572 401 2622 properes
417 2555 481 2606 euni
494 2569 571 2618 suern
583 2553 688 2600 crebere
696 2557 793 2597 terrac.

60 2639 120 2686 225
140 2645 227 2693 multi
244 2657 311 2698 ante
328 2664 466 2700 occasum
477 2645 575 2696 Maiae
589 2649 722 2701 coenere3
737 2633 860 2680 semme,
