1816 2956
355 184 381 222 P.
399 181 520 222 VERGILI
539 181 670 220 MARONIS

409 449 561 504 ECLOGA
581 447 618 502 X.

449 608 573 646 GALLUS.

186 783 336 832 Extremum
342 783 420 842 hune,
435 782 572 841 Arethusa,
586 782 649 830 mihi
662 783 776 831 concede
788 782 893 832 laboreu

187 888 271 934 pauca
283 886 340 920 mee
354 870 439 929 Galle,
456 872 500 920 sed
514 886 580 935 quae
593 871 664 932 legat
675 871 732 933 ipsa
744 870 864 933 Lycoris,

188 961 303 1009 carmina
315 967 375 1008 sunt
388 961 512 1020 dicenda,
531 967 608 1022 neget
621 961 678 1022 quis
693 960 812 1009 carmina
825 959 893 1009 Galle

187 1050 224 1097 sie
236 1049 291 1108 tibi,
308 1064 367 1098 cum
379 1050 469 1098 fluetus
483 1049 656 1097 subterlabere
669 1047 789 1107 Sicanos,

155 1145 168 1185 5
187 1138 266 1186 Doris
280 1153 368 1186 amara
381 1153 453 1186 suam
466 1152 519 1185 nen
532 1137 706 1185 intermisceat
718 1137 834 1186 undam:

188 1227 288 1289 incipe,
303 1227 429 1274 sollicitos
443 1225 512 1274 Galli
527 1227 642 1275 dieamus
656 1239 765 1284 amores,

189 1316 249 1363 dum
262 1321 351 1363 tenera
364 1316 499 1363 attondent
511 1316 590 1363 simae
604 1315 715 1376 virgulta
728 1316 857 1377 capellae.

187 1417 240 1450 non
254 1403 369 1451 cauimus
383 1404 475 1462 surdis,
491 1405 647 1466 respondent
660 1403 748 1450 omnia
760 1403 852 1452 silvae.

224 1491 297 1551 Quae
308 1506 415 1541 nemora
426 1500 471 1541 aut
482 1493 524 1555 qui
532 1507 576 1539 vos
584 1493 664 1540 saltus
677 1491 801 1550 habuere,
816 1493 893 1555 puella

138 1586 169 1628 10
188 1581 287 1640 naides,
302 1582 411 1642 indigno
425 1596 483 1629 curn
497 1579 588 1628 Gallus
602 1595 690 1628 amore
702 1580 825 1641 peribat?

188 1684 248 1717 nam
261 1685 345 1733 neque
358 1670 465 1718 Parnasi
479 1669 551 1716 vobis
564 1670 634 1729 iuga,
650 1683 710 1717 uam
724 1683 810 1730 neque
825 1670 893 1718 Pindi

187 1759 243 1806 ulla
254 1774 354 1806 moram
367 1758 457 1817 fecere,
473 1773 557 1819 neque
569 1757 654 1804 Aonie
668 1758 818 1820 Aganippe.

187 1848 261 1895 illum
274 1848 351 1895 etiam
364 1847 440 1905 lanu,
456 1847 533 1894 etiam
546 1846 635 1893 flevere
649 1846 770 1907 myricae,

188 1936 281 1998 piuiser
293 1936 368 1983 illum
381 1936 458 1983 etiam
472 1935 529 1982 sela
541 1934 587 1981 sub
601 1949 664 1996 rupe
677 1935 806 1983 iacentem

139 2029 168 2071 15
188 2024 323 2072 Maenalus
338 2031 362 2072 et
374 2024 452 2085 gelidi
466 2024 589 2071 fleverunt
601 2037 665 2071 saxa
677 2022 782 2085 Lycaei.

188 2119 257 2160 stant
269 2120 294 2160 et
307 2127 365 2160 oves
379 2113 476 2160 circum
490 2111 581 2174 (nostri
595 2127 643 2160 nee
655 2113 770 2174 paenitet
781 2114 853 2175 illas,

188 2215 236 2249 nee
249 2208 273 2248 te
286 2201 416 2263 paeniteat
429 2203 538 2262 pecoris,
555 2202 639 2249 divine
653 2208 742 2264 poeta:

188 2296 213 2337 et
225 2289 352 2337 formosus
366 2290 419 2338 ovis
434 2291 465 2338 ad
478 2291 585 2338 flumina
598 2291 667 2353 pavit
679 2290 809 2354 Adonis);

188 2378 256 2425 venit
269 2384 294 2426 et
307 2378 397 2440 upilio,
413 2379 479 2426 tardi
493 2394 584 2428 venere
598 2379 712 2438 bubulci,

136 2471 168 2514 20
188 2467 279 2514 uvidus
292 2466 400 2515 hiberna
412 2468 482 2514 venit
494 2468 525 2515 de
538 2469 633 2528 glande
646 2468 788 2516 Menalcas.

178 2569 270 2605 omues
302 2546 382 2608 ‘unde
409 2573 483 2608 amor
507 2548 562 2608 iste'
595 2563 692 2618 regunt
711 2546 794 2602 ‘tim'
852 2575 893 2608 reu

496 2647 617 2713 Apelle:
