1816 2956
80 170 137 218 198
316 180 342 217 r.
360 179 481 217 venerat
502 177 632 217 naaoms

76 341 126 384 170
145 336 214 384 haud
239 335 382 383 dubitanda
404 334 484 383 refer:
513 333 655 398 Corythum
680 346 812 399 terrasque
840 352 879 386 re·

448 424 533 486 quirat

145 512 284 561 Ausonias.
311 512 422 560 Dictaea
435 519 513 574 negat
525 512 571 560 tibi
584 511 700 575 Iuppiter
713 507 792 560 arva'

145 600 239 650 talibus
253 601 376 649 attonitus
390 601 449 648 visis
462 609 488 649 et
499 616 561 649 voce
575 601 682 649 deorum

146 689 206 754 (nee
218 704 297 753 sopor
308 690 375 738 illud
389 697 452 750 erat,
468 690 512 738 sed
527 704 614 738 coram
626 691 784 752 adgnoscere
792 692 878 738 voltus

145 780 294 842 velatasque
307 793 394 827 eomas
408 779 605 841 praesentiaque
619 793 664 826 ora
677 778 797 839 videbam

77 871 125 917 175
145 874 200 915 turn
213 867 314 930 gelidus
328 874 382 914 toto
396 867 521 915 manabat
533 881 640 929 corpore
653 868 744 929 sudor)

145 956 258 1019 corripio
272 970 285 1005 e
299 956 384 1004 stratis
398 970 491 1018 corpus
504 955 634 1017 tendoque
648 957 753 1018 supinas

146 1045 178 1093 ad
193 1045 294 1093 caelum
307 1059 365 1093 cum
378 1059 442 1092 voce
454 1059 545 1092 manus
560 1050 585 1092 et
597 1059 704 1092 munera
718 1044 771 1092 libo

145 1133 298 1182 intemerata
310 1133 383 1181 focis.
412 1132 524 1196 perfecto
538 1134 621 1181 laetus
635 1133 732 1182 honore

145 1222 278 1271 Anchisen
291 1221 358 1269 facio
372 1229 470 1271 certum
483 1236 588 1285 remque
602 1222 692 1270 ordine
705 1222 802 1285 pando.

76 1316 126 1358 180
146 1309 269 1373 adgnovit
281 1311 381 1373 prolem
394 1310 544 1372 ambiguam
556 1311 726 1372 geminosque
744 1319 874 1372 parentes,

145 1414 223 1462 saque
238 1413 304 1447 novo
317 1406 430 1446 veterum
443 1399 579 1461 deceptum
591 1414 677 1447 errore
690 1400 817 1447 locorum.

146 1495 200 1535 tum
213 1496 340 1536 memorat
349 1477 429 1545 ‘nata
445 1487 532 1535 Iliacis
546 1489 656 1536 exercite
670 1488 737 1545 satis,

145 1577 202 1625 sola
215 1576 277 1624 mihi
292 1577 351 1624 talis
364 1591 438 1624 casus
453 1574 600 1624 Cassandra
614 1576 730 1624 canebat.

146 1679 214 1713 nunc
227 1672 313 1727 repeto
327 1664 391 1713 haec
404 1665 492 1726 generi
506 1665 659 1727 portendere
673 1665 760 1712 debita
776 1675 875 1722 nostru,

77 1758 126 1802 185
147 1761 171 1802 et
183 1767 260 1816 saepe
274 1753 435 1815 Hesperiam,
451 1768 528 1816 saepe
541 1754 609 1801 Itala
622 1768 702 1814 regna
715 1768 817 1802 vocare.

145 1843 189 1891 sed
204 1843 261 1905 quis
275 1842 307 1889 ad
321 1842 461 1904 Hesperiae
474 1850 594 1890 venturos
608 1842 685 1890 litora
698 1842 814 1890 Teucros

146 1930 276 1980 crederet?
289 1939 333 1978 aut
346 1946 422 1992 quem
436 1939 490 1978 tum
502 1939 572 1978 vates
587 1930 735 1978 Cassandra
748 1930 879 1980 moveret?

146 2020 267 2068 cedamus
281 2019 388 2067 Phoebo
402 2026 427 2066 et
441 2020 531 2066 moniti
545 2020 653 2067 meliora
666 2013 825 2081 sequamur.'

120 2158 131 2179 ,
146 2103 240 2167 sicarii,
257 2116 282 2156 et
295 2108 379 2156 cuncti
394 2108 462 2155 dieto
477 2122 595 2170 paremus
610 2116 723 2155 orantes.

78 2203 126 2245 190
145 2198 212 2246 hanc
226 2211 330 2260 quoque
343 2196 482 2243 deserimus
496 2196 583 2243 sedem
597 2196 738 2258 paucisque
752 2198 850 2245 relictis

146 2287 203 2334 vela
214 2287 304 2333 damus
317 2291 468 2347 vastumque
481 2300 543 2332 cava
555 2284 626 2332 trabe
635 2285 761 2332 currimus
770 2300 878 2348 aequor.

182 2375 323 2437 Postquam
344 2375 424 2421 altum
441 2381 546 2421 tenuere
559 2380 626 2420 rates
640 2387 688 2421 nec
701 2374 753 2421 iam
768 2377 880 2438 amplius

448 2462 518 2510 uliae

147 2553 370 2614 adparentterrae‚
386 2551 487 2598 caelum
495 2551 609 2612 undique
618 2558 642 2598 et
650 2551 879 2616 undiquepontus.

143 2649 198 2687 turn
211 2640 275 2688 mibi
293 2640 426 2688 caeruleus
440 2653 517 2701 supra
531 2648 608 2702 caput
621 2640 720 2687 adstitit
733 2641 827 2702 imber,
