1816 2956
92 161 155 208 378
334 171 359 210 P.
377 171 497 210 vaaorur
517 170 648 210 nnaours

89 332 143 375 660
163 328 268 389 virgatis
282 327 369 374 lucent
381 327 488 388 sagulis,
504 336 559 374 tum
573 329 655 376 lactea
669 328 739 377 eolla

163 430 226 463 auro
239 415 413 474 innectuntur,
430 417 481 463 duo
494 417 603 478 quisque
617 417 715 478 Alpina
729 424 871 466 coruscant

162 519 240 565 gaesa
253 518 341 562 manu,
357 505 436 552 scutis
449 505 557 567 protecti
572 520 681 567 corpora
694 505 791 567 longis.

163 593 205 640 hie
219 593 363 641 exultantes
377 594 456 642 salios
469 594 606 656 nudosque
619 594 738 656 lupercos

163 681 344 744 lanigerosque
357 682 443 745 apices
457 689 482 729 et
495 683 570 743 lapsa
582 681 678 729 ancilia
691 683 764 729 eaelo

90 774 142 818 665
163 770 307 826 extuderat,
323 777 409 818 castae
422 770 552 818 ducebant
564 785 638 818 sacra
650 785 696 832 per
708 771 801 818 urbem

162 858 266 921 pilentis
280 865 374 906 matres
387 858 414 904 iu
427 857 559 906 mollibus.
588 859 648 906 hinc
661 860 752 921 procul
766 861 843 908 addit

163 946 300 995 Tartareas
314 947 391 994 etiam
404 947 486 1004 sedes,
503 948 556 995 alta
570 948 635 994 ostia
647 947 724 1006 Ditis,

163 1042 188 1084 et
200 1036 326 1083 scelerum
340 1050 436 1097 poenas
450 1042 475 1083 et
487 1043 521 1093 te,
538 1034 660 1095 Catilina,
675 1036 772 1085 minaei

161 1124 316 1187 pendentem
328 1124 436 1187 scopulo
449 1124 625 1188 furiarumque
639 1140 684 1173 ora
697 1133 870 1185 trementem3

90 1216 143 1262 670
163 1220 326 1274 secretosque
339 1214 405 1276 pios,
421 1213 460 1260 his
475 1214 578 1262 dantem
591 1215 647 1262 iura
661 1213 800 1262 Catonem.

162 1301 227 1350 haee
240 1302 306 1349 inter
319 1302 410 1348 tumidi
424 1303 475 1350 late
488 1303 565 1351 maris
579 1302 633 1349 ibat-
645 1303 742 1364 imag0‚

83 1401 86 1406 ’
163 1405 249 1447 alinea,
266 1391 309 1437 sed
324 1391 401 1439 fluctu
415 1391 571 1452 spumabant
584 1392 687 1439 caerula
701 1406 775 1448 euno,

163 1485 188 1527 et
201 1479 297 1527 circum
310 1486 418 1540 argento
432 1480 494 1528 clari
509 1480 643 1542 delphines
657 1480 684 1526 in
698 1478 789 1528 orbem

163 1582 277 1629 aequora
289 1567 424 1615 verrebant
437 1568 525 1615 caudis
540 1577 689 1629 aestumque
703 1567 840 1618 secabant.

91 1659 143 1704 675
163 1656 189 1702 in
204 1657 289 1704 medio
304 1656 393 1704 classis
407 1664 516 1715 aeratas,
532 1657 609 1705 Aetia
623 1657 701 1713 bolla,

163 1759 268 1793 eernere
281 1753 336 1793 erat
348 1753 482 1806 totumque
495 1744 619 1792 instructo
633 1744 716 1792 Marte
729 1746 834 1796 videres

163 1834 259 1883 fervere
273 1833 403 1882 Leucaten
416 1848 531 1894 auroque
545 1833 667 1894 effulgere
680 1834 781 1881 fluetus.

165 1924 226 1971 hine
240 1923 372 1983 Augustus
387 1937 466 1983 agens
479 1923 559 1970 Italos
574 1923 599 1968 in
614 1922 712 1983 proelia
727 1921 830 1972 Caesar

165 2027 222 2060 eum
237 2009 351 2073 patribus
365 2013 527 2073 populoque,
544 2010 678 2072 penatibus
692 2018 717 2058 et
728 2015 836 2072 magnis
851 2016 875 2062 di

93 2104 144 2148 680
165 2108 235 2148 stans
250 2100 318 2146 celsa
330 2098 357 2145 in
371 2100 460 2161 puppi,
476 2100 592 2160 geminas
605 2100 645 2147 cui
654 2101 873 2160 temporaflamm

165 2190 233 2237 laeta
245 2189 529 2250 vomuntpatriumque
543 2189 655 2250 aperitur
668 2188 763 2235 vertice
778 2190 864 2240 sidus.

166 2285 238 2340 parte
252 2277 303 2325 aliu
316 2277 397 2324 ventis
411 2284 436 2324 et
449 2277 487 2324 dis
501 2278 619 2339 Agrippa
632 2277 752 2324 secundis

166 2366 260 2413 arduos
274 2380 367 2426 agmen
381 2380 473 2427 agens,
490 2366 539 2423 cui,
555 2365 616 2412 belli
630 2365 731 2425 insigne
745 2370 875 2428 superbus

164 2461 282 2520 tempora
294 2454 380 2504 navali
393 2453 494 2515 fulgent
506 2461 616 2500 rostrata
630 2468 733 2500 corona.

77 2549 130 2594 685
152 2548 219 2600 dine
234 2566 285 2616 ope
301 2546 444 2600 barbarica
456 2544 589 2606 uariisque
604 2542 731 2589 nutamus
742 2544 835 2600 armis„

144 2642 238 2695 vietor
250 2645 285 2697 ab
304 2645 437 2697 Aurorae
449 2635 564 2705 populis
578 2640 605 2679 et
612 2630 695 2679 litore
705 2625 799 2681 alibrox

63 2732 78 2767 ι
