1816 2956
80 191 141 239 238
318 201 345 264 r.
362 201 484 240 variotur
504 200 635 241 ursonis

150 359 286 417 aetherias,
301 365 402 406 tantum
415 358 503 406 radice
516 359 542 404 in
556 358 664 406 Tartaru
678 360 775 407 tendit:
840 420 843 427 Ι

150 448 219 496 houd
233 462 306 496 secus
319 447 434 494 adsiduis
444 446 505 495 hinc
519 455 597 509 atque
609 447 670 495 hinc
683 448 788 495 vocibus
802 448 878 497 heros

151 537 267 584 tunditur
280 542 305 584 et
317 550 413 597 magno
426 535 550 599 persentit
562 543 666 598 pectore
680 551 770 595 curas;

149 639 222 674 mens
235 626 336 672 inmota
347 632 450 684 manet3
471 624 595 672 lacrimae
608 625 743 672 volvontur
754 627 853 674 inanes.

15 739 17 743 ν
80 718 131 761 450
186 713 254 762 Tum
266 729 326 762 vero
339 714 430 762 infelix
442 713 502 760 fatis
516 713 637 761 exterrita
649 713 719 763 Dido

150 810 261 852 mortem
273 811 346 863 orat3
367 804 453 851 taedet
466 802 530 850 caeli
545 816 660 850 convexa
672 803 746 850 tueri.

152 906 204 954 quo
217 893 300 954 magis
317 892 450 954 inceptum
468 899 576 954 peragat
588 891 725 952 lucemque
737 892 876 954 relinquat,
898 911 900 913 >

151 981 223 1039 vidit,
239 981 382 1030 turicremis
396 995 455 1028 cum
469 980 539 1027 dona
550 980 687 1042 inponeret
698 981 748 1027 aris

152 1071 322 1132 (horrendum
336 1069 427 1132 dictu),
443 1069 533 1117 latices
546 1069 690 1131 nigrescere
703 1083 791 1118 sacros

81 1164 132 1207 455
152 1159 261 1222 fusaque
273 1159 301 1206 in
314 1158 454 1207 obscenum
467 1171 494 1206 se
506 1165 602 1205 vertere
614 1157 674 1205 vina
687 1172 814 1206 cruorem.

152 1248 202 1296 hoc
214 1248 298 1295 visum
310 1247 386 1306 nulli,
401 1262 453 1294 non
467 1247 516 1309 ipsi
530 1247 607 1294 effata
619 1247 711 1293 sorori.

152 1344 285 1400 praeterea
297 1337 346 1384 fuit
357 1337 384 1384 in
397 1337 470 1384 tectis
484 1336 516 1383 de
528 1349 656 1382 marmore
669 1335 795 1398 templum

153 1426 271 1487 coniugis
285 1425 393 1487 antiqui,
409 1425 475 1471 miro
490 1424 559 1486 quod
572 1423 671 1470 honore
684 1424 795 1484 colebat,

153 1514 290 1563 velleribus
303 1513 382 1561 niveis
396 1520 421 1560 et
433 1513 498 1560 festa
511 1513 602 1560 fronde
615 1512 771 1561 revinctum:

82 1610 134 1653 460
153 1604 214 1652 hinc
227 1602 344 1651 exaudiri
357 1616 432 1649 voces
446 1608 471 1649 et
482 1601 560 1649 verba
573 1602 687 1649 vocantis

152 1693 206 1741 visa
218 1692 274 1750 viri,
290 1705 344 1738 nox
357 1705 415 1738 cum
429 1697 508 1738 terras
523 1691 631 1738 obscura
644 1697 755 1750 tencret3
785 1726 788 1735 .

153 1781 260 1843 solaque
274 1780 428 1829 culminibus
442 1779 516 1828 ferali
530 1779 644 1827 carmine
656 1779 726 1826 bubo

151 1884 229 1932 saepe
243 1869 314 1931 qucri
329 1876 354 1917 et
366 1869 458 1929 longas
471 1869 498 1915 in
511 1869 598 1916 fletum
612 1869 705 1916 ducere
719 1883 809 1928 voces3

152 1960 285 2021 multaque
298 1955 432 2020 praeterea
444 1964 531 2004 vatum
544 1958 677 2019 praedicta
689 1957 792 2019 piorum

81 2054 132 2096 465
152 2047 259 2095 terribili
273 2047 372 2094 monitu
387 2047 545 2094 horrificant.
574 2046 627 2107 agit
640 2046 695 2108 ipse
708 2045 838 2094 furentem

152 2137 178 2184 in
192 2135 288 2183 somnis
302 2135 370 2183 ferus
383 2136 503 2193 Aeneas;
524 2148 676 2197 semperque
689 2135 803 2197 relinqui

152 2226 209 2272 sola
221 2224 279 2282 sibi,
294 2239 395 2287 semper
408 2226 515 2284 longam
527 2224 679 2271 incomitata
691 2223 794 2270 videtur

152 2315 189 2362 ire
201 2314 269 2361 viam
283 2321 308 2361 et
320 2313 412 2375 Tyrios
427 2313 527 2361 deserta
541 2327 663 2375 quaerere
677 2319 753 2358 terra.

153 2403 317 2451 eumenidum
330 2402 407 2448 veluti
422 2401 526 2449 demens
539 2401 608 2449 videt
621 2401 726 2462 agmina
739 2399 877 2456 Pentheus,

81 2496 132 2541 470
153 2500 177 2541 et
196 2493 277 2540 solem
296 2490 427 2552 geminum
447 2496 472 2537 et
490 2490 599 2553 duplicis
619 2505 646 2537 sc
664 2489 802 2538 ostendere
815 2489 879 2536 The·

454 2578 513 2638 bas3

140 2669 432 2734 autrlgamemnquius
445 2668 546 2718 scaenis
559 2667 669 2729 agitatus
684 2665 789 2714 Orestes
868 2696 871 2700 ·
