<?xml version="1.0" encoding="UTF-8"?>
<!DOCTYPE html PUBLIC "-//W3C//DTD XHTML 1.0 Transitional//EN"
    "http://www.w3.org/TR/xhtml1/DTD/xhtml1-transitional.dtd">
<html xmlns="http://www.w3.org/1999/xhtml" xml:lang="en" lang="en">
 <head>
  <title>
</title>
<meta http-equiv="Content-Type" content="text/html;charset=utf-8" />
  <meta name='ocr-system' content='tesseract 3.04.00' />
  <meta name='ocr-capabilities' content='ocr_page ocr_carea ocr_par ocr_line ocrx_word'/>
</head>
<body>
  <div class='ocr_page' id='page_1' title='image "./pvergiliusmaro01virggoog/pvergiliusmaro01virggoog_0314.png"; bbox 0 0 1816 2956; ppageno 0'>
   <div class='ocr_carea' id='block_1_1' title="bbox 270 210 824 259">
    <p class='ocr_par' dir='ltr' id='par_1_1' title="bbox 270 210 824 259">
     <span class='ocr_line' id='line_1_1' title="bbox 270 210 824 259; baseline -0.002 -1"><span class='ocrx_word' id='word_1_1' title='bbox 270 217 417 258; x_wconf 73' lang='lat' dir='ltr'>Aruernos</span> <span class='ocrx_word' id='word_1_2' title='bbox 441 219 528 258; x_wconf 75' lang='lat' dir='ltr'>arnan</span> <span class='ocrx_word' id='word_1_3' title='bbox 544 219 584 258; x_wconf 88' lang='lat' dir='ltr'>vr.</span> <span class='ocrx_word' id='word_1_4' title='bbox 764 210 824 259; x_wconf 70' lang='lat' dir='ltr'>stt</span> 
     </span>
    </p>
   </div>
   <div class='ocr_carea' id='block_1_2' title="bbox 51 375 831 2739">
    <p class='ocr_par' dir='ltr' id='par_1_2' title="bbox 98 375 775 702">
     <span class='ocr_line' id='line_1_2' title="bbox 99 375 745 438; baseline 0 -14"><span class='ocrx_word' id='word_1_5' title='bbox 99 375 216 424; x_wconf 89' lang='lat' dir='ltr'>turbidus</span> <span class='ocrx_word' id='word_1_6' title='bbox 230 375 272 422; x_wconf 90' lang='lat' dir='ltr'>hic</span> <span class='ocrx_word' id='word_1_7' title='bbox 285 389 365 422; x_wconf 89' lang='lat' dir='ltr'>caeno</span> <span class='ocrx_word' id='word_1_8' title='bbox 378 382 502 438; x_wconf 87' lang='lat' dir='ltr'>vastaque</span> <span class='ocrx_word' id='word_1_9' title='bbox 514 376 637 437; x_wconf 84' lang='lat' dir='ltr'>voragine</span> <span class='ocrx_word' id='word_1_10' title='bbox 650 391 745 438; x_wconf 81' lang='lat' dir='ltr'>gurges</span> 
     </span>
     <span class='ocr_line' id='line_1_3' title="bbox 99 462 775 526; baseline 0 -14"><span class='ocrx_word' id='word_1_11' title='bbox 99 471 200 513; x_wconf 77' lang='lat' dir='ltr'><strong>aestuat</strong></span> <span class='ocrx_word' id='word_1_12' title='bbox 213 472 290 526; x_wconf 90' lang='lat' dir='ltr'>atque</span> <span class='ocrx_word' id='word_1_13' title='bbox 303 478 406 512; x_wconf 89' lang='lat' dir='ltr'>omnem</span> <span class='ocrx_word' id='word_1_14' title='bbox 420 462 518 526; x_wconf 77' lang='lat' dir='ltr'>Cocyto</span> <span class='ocrx_word' id='word_1_15' title='bbox 532 472 631 512; x_wconf 89' lang='lat' dir='ltr'>eructat</span> <span class='ocrx_word' id='word_1_16' title='bbox 643 464 775 514; x_wconf 79' lang='lat' dir='ltr'><strong>harenam.</strong></span> 
     </span>
     <span class='ocr_line' id='line_1_4' title="bbox 98 552 771 616; baseline 0.003 -16"><span class='ocrx_word' id='word_1_17' title='bbox 98 553 208 616; x_wconf 89' lang='lat' dir='ltr'>portitor</span> <span class='ocrx_word' id='word_1_18' title='bbox 220 552 268 601; x_wconf 90' lang='lat' dir='ltr'>has</span> <span class='ocrx_word' id='word_1_19' title='bbox 281 552 424 600; x_wconf 85' lang='lat' dir='ltr'>horrendus</span> <span class='ocrx_word' id='word_1_20' title='bbox 438 566 518 614; x_wconf 88' lang='lat' dir='ltr'>aquas</span> <span class='ocrx_word' id='word_1_21' title='bbox 532 559 558 600; x_wconf 86' lang='lat' dir='ltr'>ct</span> <span class='ocrx_word' id='word_1_22' title='bbox 569 552 676 601; x_wconf 77' lang='lat' dir='ltr'>flumina</span> <span class='ocrx_word' id='word_1_23' title='bbox 688 562 771 602; x_wconf 86' lang='lat' dir='ltr'>servat</span> 
     </span>
     <span class='ocr_line' id='line_1_5' title="bbox 99 638 752 702; baseline 0.002 -13"><span class='ocrx_word' id='word_1_24' title='bbox 99 641 206 690; x_wconf 73' lang='lat' dir='ltr'>terribili</span> <span class='ocrx_word' id='word_1_25' title='bbox 220 641 341 702; x_wconf 78' lang='lat' dir='ltr'>squalore</span> <span class='ocrx_word' id='word_1_26' title='bbox 355 638 469 699; x_wconf 82' lang='lat' dir='ltr'>Charon,</span> <span class='ocrx_word' id='word_1_27' title='bbox 486 640 526 688; x_wconf 89' lang='lat' dir='ltr'>cui</span> <span class='ocrx_word' id='word_1_28' title='bbox 540 640 652 702; x_wconf 89' lang='lat' dir='ltr'>plurima</span> <span class='ocrx_word' id='word_1_29' title='bbox 665 652 752 690; x_wconf 91' lang='lat' dir='ltr'>mento</span> 
     </span>
    </p>

    <p class='ocr_par' dir='ltr' id='par_1_3' title="bbox 51 728 767 1145">
     <span class='ocr_line' id='line_1_6' title="bbox 51 728 727 788; baseline 0.001 -11"><span class='ocrx_word' id='word_1_30' title='bbox 51 734 80 777; x_wconf 79' lang='lat' dir='ltr'>lo</span> <span class='ocrx_word' id='word_1_31' title='bbox 100 730 206 778; x_wconf 80' lang='lat' dir='ltr'>canities</span> <span class='ocrx_word' id='word_1_32' title='bbox 219 729 319 777; x_wconf 89' lang='lat' dir='ltr'>inculta</span> <span class='ocrx_word' id='word_1_33' title='bbox 330 728 405 787; x_wconf 84' lang='lat' dir='ltr'>iacet,</span> <span class='ocrx_word' id='word_1_34' title='bbox 421 735 491 776; x_wconf 90' lang='lat' dir='ltr'>stant</span> <span class='ocrx_word' id='word_1_35' title='bbox 503 729 603 777; x_wconf 89' lang='lat' dir='ltr'>lumina</span> <span class='ocrx_word' id='word_1_36' title='bbox 615 729 727 788; x_wconf 87' lang='lat' dir='ltr'>flamma,</span> 
     </span>
     <span class='ocr_line' id='line_1_7' title="bbox 99 817 727 880; baseline -0.002 -15"><span class='ocrx_word' id='word_1_37' title='bbox 99 818 218 866; x_wconf 88' lang='lat' dir='ltr'>sordidus</span> <span class='ocrx_word' id='word_1_38' title='bbox 232 832 264 866; x_wconf 88' lang='lat' dir='ltr'>ex</span> <span class='ocrx_word' id='word_1_39' title='bbox 276 817 371 865; x_wconf 86' lang='lat' dir='ltr'>umeris</span> <span class='ocrx_word' id='word_1_40' title='bbox 384 818 454 865; x_wconf 94' lang='lat' dir='ltr'>nodo</span> <span class='ocrx_word' id='word_1_41' title='bbox 468 818 596 880; x_wconf 82' lang='lat' dir='ltr'>dependet</span> <span class='ocrx_word' id='word_1_42' title='bbox 609 817 727 865; x_wconf 87' lang='lat' dir='ltr'>amictus.</span> 
     </span>
     <span class='ocr_line' id='line_1_8' title="bbox 99 905 717 969; baseline -0.002 -15"><span class='ocrx_word' id='word_1_43' title='bbox 99 906 155 968; x_wconf 90' lang='lat' dir='ltr'>ipse</span> <span class='ocrx_word' id='word_1_44' title='bbox 168 914 249 954; x_wconf 86' lang='lat' dir='ltr'>ratem</span> <span class='ocrx_word' id='word_1_45' title='bbox 262 913 340 954; x_wconf 89' lang='lat' dir='ltr'>conto</span> <span class='ocrx_word' id='word_1_46' title='bbox 352 905 450 966; x_wconf 86' lang='lat' dir='ltr'>subigit</span> <span class='ocrx_word' id='word_1_47' title='bbox 462 906 577 969; x_wconf 86' lang='lat' dir='ltr'>velisque</span> <span class='ocrx_word' id='word_1_48' title='bbox 588 906 717 953; x_wconf 84' lang='lat' dir='ltr'>ministrat</span> 
     </span>
     <span class='ocr_line' id='line_1_9' title="bbox 100 993 667 1056; baseline -0.002 -14"><span class='ocrx_word' id='word_1_49' title='bbox 100 1001 125 1042; x_wconf 91' lang='lat' dir='ltr'>et</span> <span class='ocrx_word' id='word_1_50' title='bbox 136 994 283 1055; x_wconf 86' lang='lat' dir='ltr'>ferruginea</span> <span class='ocrx_word' id='word_1_51' title='bbox 296 993 428 1042; x_wconf 86' lang='lat' dir='ltr'>subvectat</span> <span class='ocrx_word' id='word_1_52' title='bbox 441 1008 551 1056; x_wconf 86' lang='lat' dir='ltr'>corpora</span> <span class='ocrx_word' id='word_1_53' title='bbox 566 993 667 1051; x_wconf 87' lang='lat' dir='ltr'>cumba,</span> 
     </span>
     <span class='ocr_line' id='line_1_10' title="bbox 99 1081 767 1145; baseline -0.001 -16"><span class='ocrx_word' id='word_1_54' title='bbox 99 1081 151 1129; x_wconf 88' lang='lat' dir='ltr'>iam</span> <span class='ocrx_word' id='word_1_55' title='bbox 164 1082 259 1139; x_wconf 90' lang='lat' dir='ltr'>senior,</span> <span class='ocrx_word' id='word_1_56' title='bbox 275 1082 319 1129; x_wconf 87' lang='lat' dir='ltr'>sed</span> <span class='ocrx_word' id='word_1_57' title='bbox 334 1082 414 1130; x_wconf 88' lang='lat' dir='ltr'>cruda</span> <span class='ocrx_word' id='word_1_58' title='bbox 426 1081 475 1130; x_wconf 84' lang='lat' dir='ltr'>deo</span> <span class='ocrx_word' id='word_1_59' title='bbox 488 1082 628 1145; x_wconf 90' lang='lat' dir='ltr'>viridisque</span> <span class='ocrx_word' id='word_1_60' title='bbox 641 1090 767 1130; x_wconf 86' lang='lat' dir='ltr'>senectus.</span> 
     </span>
    </p>

    <p class='ocr_par' dir='ltr' id='par_1_4' title="bbox 51 1170 830 1588">
     <span class='ocr_line' id='line_1_11' title="bbox 51 1170 670 1234; baseline -0.002 -16"><span class='ocrx_word' id='word_1_61' title='bbox 51 1176 79 1219; x_wconf 77' lang='lat'>05</span> <span class='ocrx_word' id='word_1_62' title='bbox 100 1171 151 1218; x_wconf 92' lang='lat' dir='ltr'>huc</span> <span class='ocrx_word' id='word_1_63' title='bbox 164 1170 246 1218; x_wconf 90' lang='lat' dir='ltr'>omnis</span> <span class='ocrx_word' id='word_1_64' title='bbox 261 1170 335 1218; x_wconf 86' lang='lat' dir='ltr'>turba</span> <span class='ocrx_word' id='word_1_65' title='bbox 349 1170 382 1217; x_wconf 90' lang='lat' dir='ltr'>ad</span> <span class='ocrx_word' id='word_1_66' title='bbox 394 1170 463 1234; x_wconf 86' lang='lat' dir='ltr'>ripas</span> <span class='ocrx_word' id='word_1_67' title='bbox 477 1171 559 1218; x_wconf 81' lang='lat' dir='ltr'>effusa</span> <span class='ocrx_word' id='word_1_68' title='bbox 571 1170 670 1228; x_wconf 81' lang='lat' dir='ltr'>ruebat,</span> 
     </span>
     <span class='ocr_line' id='line_1_12' title="bbox 99 1258 728 1321; baseline -0.002 -14"><span class='ocrx_word' id='word_1_69' title='bbox 99 1265 194 1307; x_wconf 89' lang='lat' dir='ltr'>matres</span> <span class='ocrx_word' id='word_1_70' title='bbox 207 1266 285 1320; x_wconf 88' lang='lat' dir='ltr'>atque</span> <span class='ocrx_word' id='word_1_71' title='bbox 298 1258 353 1317; x_wconf 88' lang='lat' dir='ltr'>viri,</span> <span class='ocrx_word' id='word_1_72' title='bbox 370 1258 541 1321; x_wconf 81' lang='lat' dir='ltr'>defunctaque</span> <span class='ocrx_word' id='word_1_73' title='bbox 555 1273 664 1321; x_wconf 89' lang='lat' dir='ltr'>corpora</span> <span class='ocrx_word' id='word_1_74' title='bbox 676 1258 728 1306; x_wconf 80' lang='lat' dir='ltr'>vita</span> 
     </span>
     <span class='ocr_line' id='line_1_13' title="bbox 98 1346 830 1410; baseline -0.004 -13"><span class='ocrx_word' id='word_1_75' title='bbox 98 1347 294 1410; x_wconf 81' lang='lat' dir='ltr'>magnanimum</span> <span class='ocrx_word' id='word_1_76' title='bbox 313 1347 433 1405; x_wconf 91' lang='lat' dir='ltr'>heroum,</span> <span class='ocrx_word' id='word_1_77' title='bbox 453 1347 524 1409; x_wconf 91' lang='lat' dir='ltr'>pueri</span> <span class='ocrx_word' id='word_1_78' title='bbox 539 1347 714 1409; x_wconf 80' lang='lat' dir='ltr'>innuptaeque</span> <span class='ocrx_word' id='word_1_79' title='bbox 725 1346 830 1410; x_wconf 78' lang='lat' dir='ltr'>puellae</span> 
     </span>
     <span class='ocr_line' id='line_1_14' title="bbox 99 1436 745 1499; baseline -0.002 -15"><span class='ocrx_word' id='word_1_80' title='bbox 99 1437 257 1499; x_wconf 89' lang='lat' dir='ltr'>inpositique</span> <span class='ocrx_word' id='word_1_81' title='bbox 270 1436 340 1498; x_wconf 88' lang='lat' dir='ltr'>rogis</span> <span class='ocrx_word' id='word_1_82' title='bbox 354 1436 457 1484; x_wconf 89' lang='lat' dir='ltr'>iuvenes</span> <span class='ocrx_word' id='word_1_83' title='bbox 470 1442 529 1483; x_wconf 88' lang='lat' dir='ltr'>ante</span> <span class='ocrx_word' id='word_1_84' title='bbox 543 1450 588 1483; x_wconf 90' lang='lat' dir='ltr'>ora</span> <span class='ocrx_word' id='word_1_85' title='bbox 601 1442 745 1498; x_wconf 86' lang='lat' dir='ltr'>parentum,</span> 
     </span>
     <span class='ocr_line' id='line_1_15' title="bbox 101 1524 733 1588; baseline -0.003 -15"><span class='ocrx_word' id='word_1_86' title='bbox 101 1540 179 1588; x_wconf 86' lang='lat' dir='ltr'>quam</span> <span class='ocrx_word' id='word_1_87' title='bbox 191 1526 274 1574; x_wconf 87' lang='lat' dir='ltr'>multa</span> <span class='ocrx_word' id='word_1_88' title='bbox 286 1525 314 1572; x_wconf 90' lang='lat' dir='ltr'>iu</span> <span class='ocrx_word' id='word_1_89' title='bbox 327 1525 397 1573; x_wconf 89' lang='lat' dir='ltr'>silvis</span> <span class='ocrx_word' id='word_1_90' title='bbox 411 1524 527 1572; x_wconf 88' lang='lat' dir='ltr'>autumni</span> <span class='ocrx_word' id='word_1_91' title='bbox 541 1524 636 1586; x_wconf 85' lang='lat' dir='ltr'>frigore</span> <span class='ocrx_word' id='word_1_92' title='bbox 649 1524 733 1587; x_wconf 90' lang='lat' dir='ltr'>primo</span> 
     </span>
    </p>

    <p class='ocr_par' dir='ltr' id='par_1_5' title="bbox 51 1612 830 2028">
     <span class='ocr_line' id='line_1_16' title="bbox 51 1612 800 1676; baseline -0.003 -15"><span class='ocrx_word' id='word_1_93' title='bbox 51 1618 81 1663; x_wconf 90' lang='lat'>10</span> <span class='ocrx_word' id='word_1_94' title='bbox 100 1615 175 1676; x_wconf 89' lang='lat' dir='ltr'>lapsa</span> <span class='ocrx_word' id='word_1_95' title='bbox 188 1614 286 1662; x_wconf 87' lang='lat' dir='ltr'>cadunt</span> <span class='ocrx_word' id='word_1_96' title='bbox 298 1613 361 1661; x_wconf 85' lang='lat' dir='ltr'>folia</span> <span class='ocrx_word' id='word_1_97' title='bbox 375 1612 464 1660; x_wconf 88' lang='lat' dir='ltr'>autad</span> <span class='ocrx_word' id='word_1_98' title='bbox 478 1619 573 1660; x_wconf 86' lang='lat' dir='ltr'>terram</span> <span class='ocrx_word' id='word_1_99' title='bbox 585 1613 687 1674; x_wconf 84' lang='lat' dir='ltr'>gurgite</span> <span class='ocrx_word' id='word_1_100' title='bbox 700 1612 732 1660; x_wconf 89' lang='lat' dir='ltr'>ab</span> <span class='ocrx_word' id='word_1_101' title='bbox 746 1613 800 1660; x_wconf 72' lang='lat' dir='ltr'>alto</span> 
     </span>
     <span class='ocr_line' id='line_1_17' title="bbox 100 1699 830 1766; baseline -0.003 -16"><span class='ocrx_word' id='word_1_102' title='bbox 100 1717 178 1766; x_wconf 90' lang='lat' dir='ltr'>quam</span> <span class='ocrx_word' id='word_1_103' title='bbox 190 1703 287 1750; x_wconf 90' lang='lat' dir='ltr'>multae</span> <span class='ocrx_word' id='word_1_104' title='bbox 297 1703 475 1763; x_wconf 87' lang='lat' dir='ltr'>glomerantur</span> <span class='ocrx_word' id='word_1_105' title='bbox 488 1714 556 1759; x_wconf 86' lang='lat' dir='ltr'>aves,</span> <span class='ocrx_word' id='word_1_106' title='bbox 572 1699 615 1748; x_wconf 93' lang='lat' dir='ltr'>ubi</span> <span class='ocrx_word' id='word_1_107' title='bbox 626 1700 734 1762; x_wconf 80' lang='lat' dir='ltr'>frigidus</span> <span class='ocrx_word' id='word_1_108' title='bbox 746 1714 830 1748; x_wconf 81' lang='lat' dir='ltr'>annus</span> 
     </span>
     <span class='ocr_line' id='line_1_18' title="bbox 100 1789 737 1853; baseline -0.002 -16"><span class='ocrx_word' id='word_1_109' title='bbox 100 1797 170 1838; x_wconf 91' lang='lat' dir='ltr'>trans</span> <span class='ocrx_word' id='word_1_110' title='bbox 184 1797 293 1853; x_wconf 89' lang='lat' dir='ltr'>pontum</span> <span class='ocrx_word' id='word_1_111' title='bbox 306 1790 379 1850; x_wconf 84' lang='lat' dir='ltr'>lugat</span> <span class='ocrx_word' id='word_1_112' title='bbox 392 1796 417 1838; x_wconf 91' lang='lat' dir='ltr'>et</span> <span class='ocrx_word' id='word_1_113' title='bbox 429 1789 502 1838; x_wconf 88' lang='lat' dir='ltr'>terris</span> <span class='ocrx_word' id='word_1_114' title='bbox 515 1789 623 1836; x_wconf 86' lang='lat' dir='ltr'>inmittit</span> <span class='ocrx_word' id='word_1_115' title='bbox 635 1789 737 1851; x_wconf 89' lang='lat' dir='ltr'>apricis.</span> 
     </span>
     <span class='ocr_line' id='line_1_19' title="bbox 101 1877 709 1940; baseline -0.002 -14"><span class='ocrx_word' id='word_1_116' title='bbox 101 1878 204 1926; x_wconf 89' lang='lat' dir='ltr'>stabant</span> <span class='ocrx_word' id='word_1_117' title='bbox 217 1885 319 1926; x_wconf 88' lang='lat' dir='ltr'>orantes</span> <span class='ocrx_word' id='word_1_118' title='bbox 332 1877 407 1940; x_wconf 91' lang='lat' dir='ltr'>primi</span> <span class='ocrx_word' id='word_1_119' title='bbox 421 1878 593 1925; x_wconf 84' lang='lat' dir='ltr'>transmittere</span> <span class='ocrx_word' id='word_1_120' title='bbox 606 1891 709 1926; x_wconf 86' lang='lat' dir='ltr'>cursum</span> 
     </span>
     <span class='ocr_line' id='line_1_20' title="bbox 101 1965 734 2028; baseline -0.003 -13"><span class='ocrx_word' id='word_1_121' title='bbox 101 1967 292 2028; x_wconf 85' lang='lat' dir='ltr'>tendebantque</span> <span class='ocrx_word' id='word_1_122' title='bbox 305 1980 396 2014; x_wconf 87' lang='lat' dir='ltr'>manus</span> <span class='ocrx_word' id='word_1_123' title='bbox 410 1965 481 2028; x_wconf 85' lang='lat' dir='ltr'>ripae</span> <span class='ocrx_word' id='word_1_124' title='bbox 495 1965 624 2014; x_wconf 86' lang='lat' dir='ltr'>ulterioris</span> <span class='ocrx_word' id='word_1_125' title='bbox 637 1979 734 2015; x_wconf 88' lang='lat' dir='ltr'>amore.</span> 
     </span>
    </p>

    <p class='ocr_par' dir='ltr' id='par_1_6' title="bbox 51 2054 831 2473">
     <span class='ocr_line' id='line_1_21' title="bbox 51 2054 753 2117; baseline -0.001 -14"><span class='ocrx_word' id='word_1_126' title='bbox 51 2062 81 2104; x_wconf 88' lang='lat'>15</span> <span class='ocrx_word' id='word_1_127' title='bbox 101 2056 188 2104; x_wconf 89' lang='lat' dir='ltr'>navita</span> <span class='ocrx_word' id='word_1_128' title='bbox 200 2056 245 2103; x_wconf 91' lang='lat' dir='ltr'>sed</span> <span class='ocrx_word' id='word_1_129' title='bbox 258 2054 337 2102; x_wconf 89' lang='lat' dir='ltr'>tristis</span> <span class='ocrx_word' id='word_1_130' title='bbox 351 2069 420 2104; x_wconf 85' lang='lat' dir='ltr'>nune</span> <span class='ocrx_word' id='word_1_131' title='bbox 433 2054 481 2102; x_wconf 91' lang='lat' dir='ltr'>hos</span> <span class='ocrx_word' id='word_1_132' title='bbox 494 2068 564 2103; x_wconf 89' lang='lat' dir='ltr'>nunc</span> <span class='ocrx_word' id='word_1_133' title='bbox 577 2054 671 2117; x_wconf 87' lang='lat' dir='ltr'>accipit</span> <span class='ocrx_word' id='word_1_134' title='bbox 683 2055 753 2114; x_wconf 86' lang='lat' dir='ltr'>illos,</span> 
     </span>
     <span class='ocr_line' id='line_1_22' title="bbox 101 2142 659 2204; baseline -0.005 -11"><span class='ocrx_word' id='word_1_135' title='bbox 101 2153 140 2194; x_wconf 87' lang='lat' dir='ltr'>ast</span> <span class='ocrx_word' id='word_1_136' title='bbox 153 2145 218 2193; x_wconf 89' lang='lat' dir='ltr'>alios</span> <span class='ocrx_word' id='word_1_137' title='bbox 232 2145 310 2204; x_wconf 86' lang='lat' dir='ltr'>longe</span> <span class='ocrx_word' id='word_1_138' title='bbox 323 2143 456 2191; x_wconf 90' lang='lat' dir='ltr'>submotos</span> <span class='ocrx_word' id='word_1_139' title='bbox 470 2151 540 2192; x_wconf 86' lang='lat' dir='ltr'>arcet</span> <span class='ocrx_word' id='word_1_140' title='bbox 552 2142 659 2192; x_wconf 88' lang='lat' dir='ltr'>harena.</span> 
     </span>
     <span class='ocr_line' id='line_1_23' title="bbox 101 2232 680 2294; baseline 0 -14"><span class='ocrx_word' id='word_1_141' title='bbox 101 2234 203 2282; x_wconf 87' lang='lat' dir='ltr'>Aeneas</span> <span class='ocrx_word' id='word_1_142' title='bbox 217 2233 323 2280; x_wconf 90' lang='lat' dir='ltr'>miratus</span> <span class='ocrx_word' id='word_1_143' title='bbox 337 2232 406 2280; x_wconf 91' lang='lat' dir='ltr'>enim</span> <span class='ocrx_word' id='word_1_144' title='bbox 419 2240 555 2294; x_wconf 88' lang='lat' dir='ltr'>motusque</span> <span class='ocrx_word' id='word_1_145' title='bbox 568 2232 680 2280; x_wconf 89' lang='lat' dir='ltr'>tumultu</span> 
     </span>
     <span class='ocr_line' id='line_1_24' title="bbox 100 2310 831 2383; baseline -0.005 -13"><span class='ocrx_word' id='word_1_146' title='bbox 100 2316 158 2370; x_wconf 86' lang='lat' dir='ltr'>‘dic&#39;</span> <span class='ocrx_word' id='word_1_147' title='bbox 171 2322 215 2380; x_wconf 88' lang='lat' dir='ltr'>ait,</span> <span class='ocrx_word' id='word_1_148' title='bbox 228 2310 255 2369; x_wconf 84' lang='lat' dir='ltr'>‘o</span> <span class='ocrx_word' id='word_1_149' title='bbox 269 2321 355 2383; x_wconf 86' lang='lat' dir='ltr'>virgo,</span> <span class='ocrx_word' id='word_1_150' title='bbox 371 2320 433 2383; x_wconf 88' lang='lat' dir='ltr'>quid</span> <span class='ocrx_word' id='word_1_151' title='bbox 447 2321 501 2368; x_wconf 81' lang='lat' dir='ltr'>volt</span> <span class='ocrx_word' id='word_1_152' title='bbox 513 2335 653 2369; x_wconf 81' lang='lat' dir='ltr'>concursus</span> <span class='ocrx_word' id='word_1_153' title='bbox 667 2321 700 2368; x_wconf 87' lang='lat' dir='ltr'>ad</span> <span class='ocrx_word' id='word_1_154' title='bbox 713 2318 831 2367; x_wconf 79' lang='lat' dir='ltr'>amnem?</span> 
     </span>
     <span class='ocr_line' id='line_1_25' title="bbox 102 2408 797 2473; baseline -0.004 -15"><span class='ocrx_word' id='word_1_155' title='bbox 102 2411 193 2473; x_wconf 90' lang='lat' dir='ltr'>quidve</span> <span class='ocrx_word' id='word_1_156' title='bbox 206 2417 297 2473; x_wconf 89' lang='lat' dir='ltr'>petunt</span> <span class='ocrx_word' id='word_1_157' title='bbox 309 2409 430 2459; x_wconf 82' lang='lat' dir='ltr'>animae?</span> <span class='ocrx_word' id='word_1_158' title='bbox 449 2410 488 2458; x_wconf 84' lang='lat' dir='ltr'>vel</span> <span class='ocrx_word' id='word_1_159' title='bbox 502 2423 553 2473; x_wconf 93' lang='lat' dir='ltr'>quo</span> <span class='ocrx_word' id='word_1_160' title='bbox 567 2408 715 2458; x_wconf 83' lang='lat' dir='ltr'>discrimine</span> <span class='ocrx_word' id='word_1_161' title='bbox 728 2408 797 2470; x_wconf 86' lang='lat' dir='ltr'>ripas</span> 
     </span>
    </p>

    <p class='ocr_par' dir='ltr' id='par_1_7' title="bbox 51 2487 750 2739">
     <span class='ocr_line' id='line_1_26' title="bbox 51 2487 750 2557; baseline -0.004 -11"><span class='ocrx_word' id='word_1_162' title='bbox 51 2505 82 2547; x_wconf 82' lang='lat'>20</span> <span class='ocrx_word' id='word_1_163' title='bbox 101 2499 151 2548; x_wconf 85' lang='lat' dir='ltr'>bae</span> <span class='ocrx_word' id='word_1_164' title='bbox 164 2500 272 2557; x_wconf 85' lang='lat' dir='ltr'>lincunt,</span> <span class='ocrx_word' id='word_1_165' title='bbox 287 2499 349 2546; x_wconf 85' lang='lat' dir='ltr'>illae</span> <span class='ocrx_word' id='word_1_166' title='bbox 362 2498 438 2546; x_wconf 86' lang='lat' dir='ltr'>remis</span> <span class='ocrx_word' id='word_1_167' title='bbox 451 2498 518 2547; x_wconf 85' lang='lat' dir='ltr'>vada</span> <span class='ocrx_word' id='word_1_168' title='bbox 530 2498 609 2547; x_wconf 86' lang='lat' dir='ltr'>livida</span> <span class='ocrx_word' id='word_1_169' title='bbox 621 2487 750 2546; x_wconf 79' lang='lat' dir='ltr'>verruntl&#39;</span> 
     </span>
     <span class='ocr_line' id='line_1_27' title="bbox 102 2586 717 2648; baseline -0.005 -12"><span class='ocrx_word' id='word_1_170' title='bbox 102 2589 148 2636; x_wconf 92' lang='lat' dir='ltr'>olli</span> <span class='ocrx_word' id='word_1_171' title='bbox 161 2589 198 2637; x_wconf 92' lang='lat' dir='ltr'>sic</span> <span class='ocrx_word' id='word_1_172' title='bbox 211 2588 320 2637; x_wconf 86' lang='lat' dir='ltr'>breviter</span> <span class='ocrx_word' id='word_1_173' title='bbox 333 2587 386 2635; x_wconf 87' lang='lat' dir='ltr'>fata</span> <span class='ocrx_word' id='word_1_174' title='bbox 399 2594 437 2636; x_wconf 91' lang='lat' dir='ltr'>est</span> <span class='ocrx_word' id='word_1_175' title='bbox 449 2588 577 2648; x_wconf 87' lang='lat' dir='ltr'>longaeva</span> <span class='ocrx_word' id='word_1_176' title='bbox 589 2586 717 2634; x_wconf 87' lang='lat' dir='ltr'>sacerdos.</span> 
     </span>
     <span class='ocr_line' id='line_1_28' title="bbox 101 2673 744 2739; baseline 0.005 -15"><span class='ocrx_word' id='word_1_177' title='bbox 101 2677 225 2725; x_wconf 87' lang='lat' dir='ltr'>‘Anchisa</span> <span class='ocrx_word' id='word_1_178' title='bbox 236 2684 367 2739; x_wconf 86' lang='lat' dir='ltr'>generate,</span> <span class='ocrx_word' id='word_1_179' title='bbox 383 2677 462 2727; x_wconf 86' lang='lat' dir='ltr'>deum</span> <span class='ocrx_word' id='word_1_180' title='bbox 475 2675 625 2726; x_wconf 75' lang='lat' dir='ltr'>certissima</span> <span class='ocrx_word' id='word_1_181' title='bbox 634 2673 744 2736; x_wconf 53' lang='lat' dir='ltr'>protest</span> 
     </span>
    </p>
   </div>
   <div class='ocr_carea' id='block_1_3' title="bbox 0 0 912 2956">
    <p class='ocr_par' dir='ltr' id='par_1_8' title="bbox 0 0 912 2956">
     <span class='ocr_line' id='line_1_29' title="bbox 0 0 912 2956; baseline 0 0"><span class='ocrx_word' id='word_1_182' title='bbox 0 0 912 2956; x_wconf 95' lang='lat' dir='ltr'> </span> 
     </span>
    </p>
   </div>
  </div>
 </body>
</html>
