1816 2956
155 200 181 238 P.
198 199 286 239 VERG·
303 198 375 237 Mun.
390 198 537 238 auuulnos
555 199 643 237 LIBER
659 199 722 238 vm.
776 189 837 238 353

111 357 218 405 edoceat
231 356 376 417 multasque
389 356 443 403 viro
457 370 484 404 se
497 356 638 417 adiungere
650 356 734 418 gentis

110 445 245 494 Dardanio
258 452 283 492 et
296 445 347 492 late
359 445 435 493 Latio
449 445 636 493 increbrescere
649 458 754 492 nomen.

59 538 89 581 15
111 535 171 596 quid
184 540 267 582 sucat
279 533 319 581 his
333 534 439 595 coeptis,
455 547 540 595 quem,
556 533 836 596 sil'ortunasequatar',

110 629 228 670 eventum
241 636 344 685 pugnae
356 622 452 683 cupiat,
467 620 627 669 manifestius
640 621 690 683 ipsi

110 725 188 772 quam
201 709 289 757 Turno
303 710 357 771 regi
371 717 415 757 aut
427 710 481 771 regi
495 710 618 773 adparere
630 707 735 758 Latino.

145 798 221 846 Talia
233 811 279 860 per
291 797 404 845 Latium.
432 812 497 859 quae
510 797 712 845 Laomedontius
726 797 801 846 heroa

110 893 203 934 cuncta
215 885 304 932 videns
317 899 414 945 magno
427 900 546 932 curarum
559 886 665 933 fluctuat
677 891 750 933 aestu

57 980 90 1023 20
111 982 188 1036 atque
208 973 323 1020 animum
342 986 411 1019 nunc
432 972 482 1020 huc
506 974 629 1032 celerem,
655 988 724 1022 nunc
748 973 840 1022 dividit

411 1059 483 1118 illuc,

110 1150 137 1197 in
150 1148 283 1211 partisque
296 1147 364 1209 rapit
376 1147 459 1196 varias
472 1163 570 1211 perque
583 1150 670 1199 omnia
682 1157 778 1209 versat,

111 1238 177 1285 sicut
189 1251 273 1297 aquae
286 1236 423 1284 tremulum
436 1237 515 1285 labris
529 1237 572 1285 ubi
585 1238 673 1286 lumen
687 1238 758 1286 aenis

109 1327 165 1374 sole
177 1339 356 1387 repercussum
369 1334 414 1373 aut
425 1325 550 1373 radiantis
563 1325 676 1388 imagine
689 1326 767 1375 lunae

110 1416 198 1463 omnia
210 1414 348 1476 pervolitat
360 1415 411 1463 late
424 1415 482 1463 loca
495 1415 599 1475 iamque
611 1414 658 1462 sub
673 1428 748 1463 auras

56 1509 88 1552 25
108 1504 215 1566 erigitur
229 1503 373 1565 summique
386 1503 444 1551 ferit
456 1503 590 1566 laquearia
606 1503 675 1551 tecti.

107 1599 229 1640 nexerat
242 1598 267 1639 et
279 1598 359 1639 terras
373 1592 497 1640 animalia
509 1592 576 1640 fessa
589 1605 634 1654 per
647 1591 731 1639 omnis

108 1682 218 1729 alituum
230 1680 410 1742 pecudumque
423 1694 504 1741 genus
517 1694 596 1742 sopor
608 1679 677 1727 altus
688 1678 809 1738 habebat,

109 1784 167 1816 cum
181 1776 253 1831 pater
265 1769 292 1815 iu
305 1769 363 1831 ripa
374 1769 505 1830 gelidique
518 1768 565 1815 sub
578 1767 688 1817 aetheris
702 1781 751 1816 axe

107 1858 220 1915 Aeneas,
236 1857 301 1904 tristi
314 1857 430 1905 turbatus
443 1864 548 1919 pectora
562 1856 640 1915 bello,

55 1951 89 1994 30
108 1945 245 2007 procubuit
258 1960 393 2007 seramque
407 1946 477 1993 dedit
489 1960 535 2007 per
547 1945 662 1993 membra
675 1944 796 2006 quietem.

108 2033 168 2081 huic
182 2034 244 2082 deus
257 2034 312 2096 ipse
325 2033 376 2081 loci
389 2033 465 2081 fluvio
479 2033 616 2082 Tiberinus
630 2047 740 2081 amoeno

107 2123 233 2184 populeas
246 2122 312 2170 inter
325 2122 411 2170 senior
423 2136 451 2170 se
464 2122 581 2170 attollere
594 2121 698 2170 frondea

107 2211 175 2258 visus
189 2210 259 2273 (eum
272 2211 355 2258 tenuis
368 2211 461 2272 glauco
474 2211 576 2259 velabat
588 2210 683 2258 amictu

108 2299 230 2347 carbasus
244 2305 269 2346 et
280 2298 357 2346 crinis
370 2299 493 2346 umbrosa
505 2298 608 2360 tegebat
620 2296 760 2360 harundo),

54 2393 88 2437 35
108 2395 163 2435 tum
175 2388 212 2434 sic
225 2386 307 2434 adfari
321 2393 346 2434 et
358 2401 432 2434 curas
445 2387 485 2434 his
499 2387 600 2435 demere
613 2386 697 2434 dictis.

140 2466 174 2525 ‘0
188 2482 331 2536 satagente
344 2475 434 2534 deum,
454 2475 600 2524 Troianam
615 2489 651 2523 aa
661 2473 853 2520 noeuman-

409 2565 474 2616 bem

89 2651 137 2710 qui
147 2651 251 2701 revehis
265 2655 347 2706 nobis
361 2667 540 2726 aeternaque
551 2658 705 2718 Pergama
716 2647 835 2692 ww*

62 2729 187 2784 Vergilius,
580 2743 582 2748 ·
685 2729 733 2777 ‘ab
