1816 2956
76 192 138 239 ⁴214
316 202 342 240 P.
360 199 481 240 VERGILI
502 199 632 239 MARONIS

146 358 247 407 siderea
259 357 345 420 polus,
361 357 471 405 obscuro
485 357 529 405 sed
543 357 633 404 nubila
647 359 729 411 caelo,

147 454 173 498 et
184 448 274 495 lunam
287 445 314 493 iu
327 445 415 493 nimbo
429 460 482 493 nox
494 445 648 508 intempesta
660 446 773 493 tenebat.

182 535 289 583 Postera
301 534 407 596 iamque
420 534 473 582 dies
488 534 570 596 primo
585 534 707 595 surgebat
719 534 775 582 Eoo

146 630 328 686 umentemque
340 623 444 694 Aurora
456 623 519 686 polo
533 623 675 670 dimoverat
687 623 814 671 umbram.

76 717 127 760 590
147 720 206 760 cuni
218 711 304 760 subito
317 727 331 760 e
344 711 424 770 silvis,
440 711 522 760 macie
536 712 653 760 ccut'ecta
665 726 794 774 suprema,

146 800 228 863 ignoti
241 814 309 848 nove
321 800 405 849 forma
417 799 464 847 viri
476 800 674 862 miserandaque
689 801 760 848 cultu

146 889 264 952 procedit
276 889 436 952 supplexque
450 904 541 936 munus
556 889 587 936 ad
602 889 679 936 litora
692 889 782 936 tendit.

147 977 306 1040 respicimus.
335 978 391 1025 dira
404 978 513 1025 inluvies
526 977 684 1039 inmissaque
698 977 787 1034 barba,

148 1074 295 1114 consertum
308 1074 429 1128 tegumen
442 1066 539 1128 spinis3
561 1072 587 1113 at
600 1072 685 1113 cetera
698 1063 792 1113 Graius

76 1159 127 1203 595
147 1161 172 1203 et
185 1155 317 1217 quondam
330 1155 420 1218 patriis
435 1154 467 1201 ad
481 1154 587 1202 Troiam
599 1154 692 1201 missus
704 1154 731 1201 in
746 1154 834 1201 armis.

147 1244 221 1306 isque
234 1243 277 1291 ubi
290 1243 438 1292 Dardanios
452 1243 554 1290 habitus
569 1251 594 1290 et
607 1242 687 1290 Troia
699 1242 763 1289 vidit

147 1334 219 1399 arma
231 1333 332 1394 procul,
348 1332 465 1394 paullum
479 1339 584 1393 aspectu
598 1331 750 1379 conterritus
764 1331 850 1379 haesit

148 1419 326 1482 continuitque
338 1420 463 1482 gradum3
478 1435 539 1467 nrox
552 1434 607 1468 sese
621 1420 653 1466 ad
667 1420 744 1467 litora
753 1435 879 1483 praeceps

147 1523 205 1558 cum
218 1508 279 1556 fletu
292 1508 462 1571 precibusque
475 1508 543 1556 tulit.
569 1498 625 1570 ‘per
638 1508 723 1555 sidera
737 1515 827 1567 testor,

76 1603 127 1646 600
147 1612 192 1660 per
205 1611 311 1659 superos
325 1604 403 1659 atque
415 1597 466 1645 hoc
479 1596 544 1646 caeli
558 1596 680 1659 spirabile
694 1597 791 1652 lumen,

147 1686 230 1734 tollite
244 1700 297 1743 me,
320 1685 428 1745 Teucri3
450 1701 626 1748 quascumque
639 1685 759 1733 abducite
779 1693 878 1746 terras3

147 1775 197 1824 hoo
209 1782 249 1822 sat
262 1775 318 1822 erit.
346 1775 401 1822 scio
415 1789 456 1823 me
468 1775 567 1822 Danais
581 1788 595 1822 e
609 1773 734 1821 classibus
747 1788 830 1822 uuum

147 1870 172 1912 et
184 1863 255 1912 bello
267 1863 362 1911 Iliacos
376 1863 460 1912 fateor
472 1863 563 1925 petiise
576 1870 691 1925 penates.

147 1967 194 2015 pro
208 1966 268 2014 quo,
284 1952 305 1998 si
319 1953 421 2000 sceleris
435 1959 507 1999 tanta
519 1958 558 1999 est
570 1951 664 1999 iniuria
678 1949 767 2006 nostri,

77 2047 127 2090 605
147 2041 260 2103 spargite
273 2054 314 2087 me
327 2039 354 2086 iu
367 2040 458 2088 fluetus
471 2047 596 2102 vastoque
608 2039 743 2099 inmergite
757 2045 850 2099 ponto.

147 2129 167 2176 si
181 2144 267 2191 pereo,
283 2129 418 2175 hominurn
431 2128 550 2176 manibus
565 2129 657 2190 periise
671 2117 789 2174 iuvabit?

148 2218 249 2266 dixerat
262 2224 287 2264 et
298 2231 384 2279 genua
398 2217 533 2279 amplexus
546 2216 707 2278 genibusque
721 2216 843 2263 volutans

148 2305 278 2354 haerebat.
308 2305 351 2368 qui
365 2304 467 2363 sitisti,
484 2319 535 2367 quo
549 2304 676 2366 sanguine
690 2311 784 2361 cretus,

148 2395 290 2453 hortamur,
306 2409 372 2456 quae
386 2394 478 2442 deinde
492 2395 572 2454 agitet
584 2393 688 2440 fortuna
701 2391 786 2439 fateri.

77 2489 129 2532 010
148 2485 284 2546 ipscpater
297 2484 414 2530 dextram
421 2481 557 2541 Anchises,
574 2482 642 2529 haud
657 2482 738 2527 multa
751 2489 882 2540 moratus,

149 2573 193 2618 dat
206 2571 290 2618 iuveni
305 2579 381 2633 atque
389 2571 503 2618 animum
517 2571 645 2633 praesenti
659 2570 769 2631 pignore
782 2570 883 2620 firmat.

138 2661 186 2707 illc
199 2660 275 2719 haec,
294 2660 413 2724 deposita
426 2660 531 2708 tandem
543 2659 689 2716 formidine,
706 2658 784 2705 futur.
