1816 2956
112 175 171 222 538
455 182 562 222 CULEX.

179 340 236 402 ipsa
249 340 300 387 looi
312 346 406 387 natura
419 340 533 397 domum,
549 346 686 387 resonante
699 353 817 398 susurro,

180 429 237 492 quis
251 427 331 475 dabat
343 435 368 476 et
381 428 450 476 dulei
464 429 544 477 fessas
557 427 689 476 refovebat
701 428 728 474 in
742 428 845 476 umbra.

181 531 240 564 nam
253 517 365 578 primum
377 531 461 578 prona
473 516 614 577 surgebant
626 517 694 564 valle
706 524 828 578 patentes

179 605 263 653 aeriae
276 605 383 667 platani,
399 606 466 653 inter
479 619 543 666 quas
556 605 636 666 impia
654 605 730 661 lotos,

111 699 159 742 125
179 695 268 756 impia,
285 707 351 755 quae
364 692 448 740 socios
461 693 543 740 Ithaci
558 694 694 741 maerentis
708 693 807 755 abegit,

68 782 84 811 “
181 782 284 844 hospita
297 782 358 828 dum
371 781 452 828 nimia
464 783 546 829 tenuit
559 783 695 830 dulcedine
709 790 812 844 captos.

182 870 313 932 atquibus
326 869 421 930 insigni
436 885 511 917 curru
525 872 653 933 proiectus
667 886 797 933 equorum

182 959 314 1007 ambustus
326 958 463 1005 Phaethon
476 959 547 1006 luctu
560 965 703 1007 mutaverat
715 967 799 1020 artus,

181 1047 312 1105 Heliades,
328 1047 421 1094 teneris
435 1047 556 1108 inplexae
569 1048 690 1096 bracchia
703 1050 804 1097 truncis

113 1142 162 1184 1³0
182 1136 293 1184 eandida
306 1135 448 1182 fundebant
460 1136 536 1183 tentis
550 1137 679 1185 velamina
692 1138 781 1185 ramis.

182 1224 316 1287 posterius,
333 1224 373 1271 cui
386 1223 560 1286 Demophoon
574 1232 679 1273 aeterna
691 1226 801 1288 reliquit

182 1313 290 1376 perfidia
303 1312 424 1370 lamenta,
442 1312 495 1360 doli
514 1315 581 1362 male
599 1314 706 1375 provida
719 1314 821 1376 Phyllis

182 1401 290 1465 (perfide
303 1400 476 1462 Demophoon
491 1408 516 1449 et
528 1416 580 1448 non
595 1402 710 1449 deflende
724 1403 845 1466 puellis).

183 1507 260 1553 quam
274 1491 463 1539 comitabantur
476 1490 566 1537 satalia
579 1491 693 1537 earmina
707 1506 831 1552 quercus,

113 1585 161 1627 135
183 1595 290 1642 quereus
304 1587 363 1628 ante
378 1581 452 1627 datae
466 1578 566 1627 Cereris
581 1594 658 1640 quant
672 1580 773 1627 semina
788 1582 870 1630 ritae:

182 1671 241 1717 illus
255 1669 408 1730 Triptolemi
422 1669 529 1715 mutavit
541 1668 625 1714 sulcus
641 1667 733 1714 aristis.

183 1759 224 1805 hio
238 1772 361 1818 magnum
376 1759 479 1817 Argoae
493 1756 550 1803 navi
565 1757 641 1803 decus
655 1757 725 1803 edita
741 1758 823 1820 pinus

183 1862 302 1908 proceras
316 1847 421 1893 decorat
433 1846 510 1892 silvas
525 1845 623 1892 hirsuta
636 1859 680 1906 per
694 1851 765 1893 artus

184 1951 213 1981 ae
227 1935 289 1996 petit
302 1935 377 1980 aeriis
392 1935 548 1994 coniungere
561 1933 690 1980 montibus
704 1942 786 1982 astra.

115 2030 163 2071 140
184 2023 249 2070 ilicis
263 2030 288 2068 et
301 2022 389 2081 nigrae
403 2031 428 2070 et
441 2023 538 2084 speeies
552 2022 666 2069 Lethaea
679 2028 821 2083 cupressus

183 2111 371 2173 umbrosaeque
384 2118 491 2159 monent
503 2112 577 2172 fagus
590 2111 754 2171 herleruaque
770 2113 882 2174 ligantes

184 2199 306 2247 bracchia
318 2200 444 2247 fraternos
458 2200 567 2262 plangat
580 2215 611 2247 ne
624 2198 736 2261 populus
750 2201 831 2262 ictus,

183 2289 306 2350 ipsaeque
320 2289 448 2336 excedunt
461 2289 492 2335 ad
507 2304 607 2336 summa
621 2289 758 2336 eacumina
772 2292 861 2341 lentae

184 2378 344 2439 pinguntque
358 2377 477 2424 aureolos
491 2378 565 2424 viridi
579 2378 678 2439 pallore
692 2381 851 2440 corymbos:

116 2472 164 2513 145
185 2467 241 2528 quis
256 2468 345 2514 aderat
358 2467 447 2512 veteris
461 2475 557 2528 myrtus
572 2481 624 2512 non
638 2467 726 2513 nescia
739 2468 798 2516 fati.

156 2554 159 2561 ’
183 2556 223 2604 his
237 2555 341 2602 suberat
353 2555 445 2613 gelidis
459 2570 567 2601 manans
581 2569 594 2601 e
607 2554 722 2602 sontibus
737 2559 822 2618 unda,

63 2620 109 2786 Ι
176 2665 247 2718 quae
262 2649 365 2700 levibus
379 2645 514 2712 placidum
525 2643 584 2692 risis
595 2651 671 2690 sonat
683 2652 744 2691 aeta
757 2646 882 2709 liquorem
