1816 2956
306 209 454 248 assumes
470 209 557 248 ursus
573 209 605 248 x.
789 200 848 248 443

124 367 241 415 turbidus
255 368 397 429 ingreditur
410 381 512 429 campo,
528 381 606 428 qnam
619 381 728 428 magnus
742 364 833 426 Orion,

125 471 183 503 cum
196 458 273 519 pedes
286 458 383 506 incedit
396 456 472 505 medii
487 470 532 519 per
545 455 659 504 maxima
671 455 746 504 Nerei

55 548 103 593 765
124 550 216 606 stagna
229 546 296 594 viam
310 546 438 604 scindens,
454 559 543 593 umero
557 544 731 607 supereminet
742 545 825 593 undas

125 641 177 693 aut,
193 636 298 682 summis
312 635 424 683 reserens
438 647 563 682 annosam
576 633 706 680 montibus
720 648 822 692 ornum,

124 722 320 786 ingrediturque
333 724 389 772 solo
403 729 429 771 et
441 728 519 785 caput
531 721 598 770 inter
609 721 701 770 nubila
714 722 817 782 eondit3

125 812 183 859 talis
197 826 224 860 se
237 812 315 861 vastis
328 811 406 860 infert
416 811 558 860 Mezentius
572 811 658 859 annis.

125 900 184 948 huic
198 909 288 949 contra
300 901 411 960 Aeneas,
427 901 574 964 speculatus
587 901 613 948 in
628 899 731 962 agmine
744 899 833 962 longo,

55 992 105 1038 770
125 988 214 1037 obvius
227 990 265 1038 ire
278 996 360 1052 parat.
388 998 476 1038 manet
487 989 666 1053 inperterritus
679 989 733 1048 ille,

125 1078 225 1126 hostem
238 1079 435 1139 magnanimum
448 1079 583 1142 opperiens
597 1084 622 1127 et
634 1078 703 1127 mole
715 1092 762 1126 sua
774 1083 841 1138 stat3

125 1173 202 1229 atque
215 1167 296 1216 oeulis
305 1168 417 1230 spatium
425 1182 543 1216 emensus
551 1174 676 1230 quantum
683 1166 745 1215 satis
752 1165 852 1226 hastae,
868 1211 869 1214 ,

92 1275 100 1294 ⁶
122 1245 224 1305 ‘dextra
236 1256 300 1305 mihi
314 1257 376 1305 deus
391 1263 417 1305 et
428 1257 508 1306 telum
522 1256 591 1319 quod
604 1256 702 1304 missile
715 1255 783 1304 libro

126 1361 194 1394 nune
207 1347 300 1395 adsint.
328 1359 408 1394 voveo
421 1345 560 1408 praedonis
574 1359 681 1408 corpore
694 1344 774 1408 raptis

57 1436 106 1483 775
126 1434 246 1482 indutum
259 1433 349 1498 spoliis
362 1433 447 1497 ipsum
460 1440 494 1494 te,
509 1433 603 1492 Lause,
619 1440 754 1496 tropaeum

126 1516 250 1572 Aeneae?
276 1524 341 1572 dixit
353 1523 554 1586 stridentemque
567 1523 666 1572 eminus
683 1522 784 1572 hastam

126 1612 194 1670 iecit,
210 1619 237 1661 at
249 1613 296 1661 illa
307 1613 397 1662 volans
412 1613 495 1676 clipeo
509 1619 548 1661 est
560 1625 668 1661 excussa
680 1612 823 1675 proculque

127 1701 259 1763 egregium
271 1701 389 1749 Antoren
403 1701 470 1750 latus
483 1701 550 1749 inter
563 1707 589 1749 et
600 1699 645 1748 ilia
658 1699 722 1762 figit,

126 1788 243 1836 Herculis
256 1789 374 1839 Antoren
388 1790 517 1848 comitem,
533 1789 577 1852 qui
590 1788 682 1836 missus
696 1789 728 1838 ab
741 1787 819 1850 Argis

57 1880 107 1926 teo
126 1877 244 1925 haeserat
256 1877 379 1925 Euandro
393 1885 470 1941 atque
482 1878 550 1927 Itala
563 1877 715 1927 consederat
727 1877 798 1926 urbe.

126 1966 247 2013 sternitur
259 1965 350 2013 infelix
363 1967 449 2014 alieno
462 1967 566 2016 volnere
580 1966 733 2030 caelumque

126 2054 218 2116 aspicit
230 2062 255 2103 et
269 2054 350 2103 dulcis
363 2055 476 2104 moriens
490 2056 663 2105 reminiscitur
675 2057 770 2120 Argos.

126 2150 180 2191 tum
193 2143 251 2206 pins
264 2143 367 2192 Aeneas
380 2144 482 2192 hastam
494 2146 570 2194 iacit:
591 2145 638 2194 illa
650 2161 696 2209 per
708 2145 797 2195 orbem

127 2247 184 2280 nere
198 2247 287 2280 cavom
301 2232 405 2295 triplici,
420 2248 466 2296 per
479 2235 548 2283 linea
561 2241 634 2297 terga
646 2234 779 2297 tribusque

56 2326 105 2370 785
126 2321 217 2369 transit
229 2321 355 2370 intextum
369 2322 450 2370 tauris
464 2337 528 2386 opus
542 2323 647 2386 imaque
660 2325 727 2373 sedit

127 2410 248 2470 inguine3
269 2410 313 2458 sed
327 2410 386 2458 viris
399 2409 468 2458 haud
482 2412 596 2474 pertulit.
624 2413 695 2462 ocius
709 2427 797 2462 ensem

126 2499 237 2556 Aeneas,
253 2498 307 2547 viso
321 2498 446 2562 Tyrrheni
460 2501 586 2562 sanguine
600 2502 692 2561 laetus,

127 2587 202 2649 eripit
214 2603 230 2634 a
242 2587 336 2637 semine
350 2596 375 2636 et
387 2589 525 2653 trepidanti
539 2590 650 2640 fervidus
663 2591 750 2639 instat.

126 2675 253 2740 ingemuit
266 2677 317 2727 cari
331 2678 443 2740 graviter
454 2680 579 2741 genitoris
596 2693 698 2736 amors,
