1816 2956
87 193 147 241 338
325 202 351 240 Ρ.
369 201 491 240 rantum
509 201 639 240 ueneris

157 365 185 405 ut
207 372 308 406 cervorn
334 358 451 405 ardentes
471 365 590 419 agerent;
617 372 684 420 quae
707 358 795 420 prima
814 360 892 408 labo·

457 461 514 493 rum

158 549 236 582 causa
248 534 296 583 fuit
309 534 429 597 belloque
443 534 542 581 animos
555 533 673 581 accendit
685 535 807 594 agrestis.

157 637 244 670 cervos
258 631 313 671 erat
324 623 408 671 forma
420 622 560 684 praestanti
574 628 599 669 et
611 621 732 669 cornibus
745 621 854 684 ingens,

158 711 300 774 Tyrrhidae
313 711 385 774 pueri
400 726 476 772 quem
489 710 576 757 matris
591 709 622 757 ab
636 709 715 758 ubere
728 720 836 772 raptum

87 804 138 848 485
158 800 291 847 nutribant
302 799 469 862 Tyrrhusque
482 806 563 861 pater,
579 798 619 846 cui
633 798 705 860 regia
718 808 815 861 parent

158 896 273 937 armenta
286 896 311 936 et
323 890 375 937 late
388 888 506 936 custodia
519 887 616 934 credita
629 886 722 948 campi.

159 977 293 1025 adsuetum
306 977 419 1039 imperiis
432 991 505 1024 soror
518 975 588 1022 omni
602 973 683 1023 Silvia
695 990 758 1022 cura

158 1064 280 1112 mollibus
293 1065 410 1113 intexens
424 1064 532 1112 ornabat
545 1077 643 1111 cornua
655 1063 728 1111 sertis

158 1153 328 1216 pectebatque
341 1153 422 1201 ferum
435 1166 552 1215 puroque
565 1152 592 1198 in
606 1152 676 1200 fonte
689 1152 805 1203 lavabat.

88 1247 141 1289 490
159 1242 213 1300 ille,
228 1255 334 1290 manum
347 1241 447 1303 patiens
460 1255 616 1302 mensaeque
629 1241 749 1288 adsuetus
763 1243 835 1304 erili,

160 1329 262 1378 errabat
274 1330 343 1377 silvis
356 1344 496 1392 rursusque
514 1331 545 1378 ad
559 1331 650 1379 iimina
662 1336 725 1378 nota

80 1453 83 1457 -
158 1418 214 1480 ipse
227 1418 332 1465 domum
345 1433 402 1466 sera
416 1420 531 1480 quamvis
545 1434 572 1467 se
585 1425 661 1467 nocte
673 1418 781 1467 ferebat.

159 1505 228 1554 hunc
240 1507 331 1568 procui
345 1513 472 1554 errantem
485 1507 590 1556 rabidae
603 1507 719 1555 venantis
732 1507 785 1555 Iuli

161 1609 320 1643 commovere
334 1609 419 1654 canes,
435 1595 511 1643 fluvio
526 1612 584 1644 cum
597 1597 663 1643 forte
677 1597 796 1644 secundo

89 1689 141 1732 495
161 1684 283 1732 deflueret
295 1684 403 1745 ripaque
416 1691 500 1731 aestus
513 1684 639 1731 viridante
652 1684 756 1732 levaret.

161 1772 216 1835 ipse
229 1772 315 1831 etiarn,
332 1772 441 1820 eximiae
454 1772 538 1820 laudis
552 1786 689 1819 succensus
702 1786 804 1834 amore,

160 1861 289 1908 Ascanius
303 1875 380 1908 curvo
395 1861 488 1908 direxit
500 1861 600 1922 spicula
613 1875 708 1918 cornu3

161 1964 208 1997 nec
222 1949 327 1997 dextrae
340 1949 435 1996 erranti
449 1950 511 1996 deus
525 1949 590 1996 attuit
602 1955 712 2010 actaque
725 1952 813 2000 multo
873 1967 875 1971 ·

161 2050 258 2099 perque
270 2044 371 2084 uterum
384 2037 470 2083 sonitu
484 2051 580 2099 perque
594 2037 639 2084 ilia
651 2037 721 2085 venit
734 2037 867 2090 harundo.

92 2131 143 2174 500
162 2125 265 2173 saucius
279 2131 306 2172 at
318 2125 464 2187 quadrupes
477 2132 539 2172 nota
551 2125 619 2172 intra
632 2130 699 2173 tecta
711 2124 812 2189 refugit

162 2213 335 2275 successitque
348 2228 452 2274 gemens
466 2213 573 2261 stabulis
587 2220 731 2275 questuque
744 2227 871 2265 cruentus

162 2309 239 2363 atque
252 2302 392 2364 inploranti
405 2301 497 2349 similis
510 2309 604 2350 tectum
619 2315 695 2350 omne
708 2302 838 2364 replebat.

163 2388 243 2437 Silvia
256 2390 339 2452 prima
352 2404 433 2447 soror,
450 2390 542 2452 palmis
556 2405 677 2452 percussa
690 2389 814 2453 lacertos,

163 2479 288 2526 auxilium
300 2485 376 2525 vocat
388 2484 413 2525 et
425 2479 503 2526 duros
517 2480 662 2527 conclamat
675 2480 795 2539 agrestis.

93 2572 142 2616 505
161 2567 216 2626 olli,
231 2567 310 2629 pestis
324 2566 391 2614 enim
405 2567 488 2614 tacitis
502 2568 564 2615 latet
577 2581 668 2629 aspera
681 2566 761 2627 silvis,

156 2656 284 2722 inprou'si
299 2656 402 2716 adsunt,
415 2654 460 2704 hic
471 2661 540 2702 terre
552 2662 663 2703 armatus
677 2655 782 2718 obusto,
