1816 2956
241 189 410 239 emuniter(
426 191 514 232 blena
528 192 567 231 IV.
740 184 796 232 ili

75 354 191 410 pastores
203 355 229 397 et
241 362 318 397 curva
330 349 421 410 legunt
432 362 512 411 prope
525 348 633 398 flumina
643 350 753 399 Mellae:

75 436 152 485 huius
166 437 274 486 odorato
287 436 387 487 radices
399 437 511 499 incoque
523 437 629 486 Baccho

29 529 56 574 ³0
75 525 224 588 pabulaque
235 525 262 573 in
275 524 373 574 foribus
386 526 469 588 plenis
482 525 584 586 adpone
598 527 724 575 canistris.

111 612 163 663 Sed
176 613 276 676 siquem
287 614 373 676 proles
387 614 472 663 sabito
484 600 607 664 'defecent
620 616 702 663 omnis

75 715 123 746 nec
135 716 217 760 genus
229 702 298 749 unde
310 717 392 749 novae
404 703 489 764 stirpis
502 711 634 750 revocetur
646 703 759 762 habebit,

75 793 177 849 tempus
189 794 215 835 et
225 787 332 841 Arcadii
345 790 513 842 memoranda
525 791 628 840 inventa
641 792 757 853 magistri

75 876 198 939 paudere,
214 890 317 939 quoque
329 877 407 924 modo
421 878 502 927 caesis
515 880 567 926 iam
579 893 655 941 saepe
667 879 780 928 iuvencis

29 968 55 1012 35
75 964 219 1019 insincerus
232 979 295 1028 apes
307 966 395 1015 tulerit
408 981 491 1014 cruor.
521 967 598 1015 altius
612 981 714 1016 omnem

75 1052 212 1115 expediam
225 1054 308 1116 prima
321 1062 438 1117 repetens
452 1053 484 1103 ab
499 1055 599 1115 origine
613 1055 717 1104 famam.

75 1156 137 1198 nam
149 1157 202 1203 qua
214 1141 312 1196 Pellaei
325 1156 389 1204 gens
401 1143 533 1191 fortunata
546 1141 647 1204 Canopi

75 1230 171 1279 accolit
183 1229 266 1279 effuso
278 1237 442 1292 stagnantem
454 1231 559 1279 flumine
572 1229 660 1278 Nilum

75 1325 101 1366 et
114 1319 210 1367 circum
222 1318 298 1382 pictis
310 1318 411 1367 vehitur
423 1334 471 1367 sua
483 1333 543 1367 rura
556 1318 679 1382 phascha,

29 1411 59 1457 90
79 1421 183 1470 quaque
195 1407 358 1470 pharetratae
371 1407 466 1455 vicinia
478 1406 590 1455 Persidis
603 1414 698 1468 urguet

80 1502 105 1544 et
116 1495 224 1544 viridem
236 1497 383 1559 Aegyptum
396 1495 472 1557 nigra
484 1494 606 1544 fecundat
618 1495 715 1543 harena

80 1591 105 1632 et
118 1584 218 1632 diversa
229 1597 306 1633 ruens
318 1590 416 1646 septem
431 1583 551 1632 discurrit
562 1583 589 1630 in
603 1597 649 1630 ora

79 1687 161 1734 usque
174 1673 296 1722 coloratis
309 1672 391 1721 amnis
405 1673 517 1720 devexus
530 1670 562 1719 ab
576 1671 656 1729 ludis,

80 1761 164 1810 omnis
176 1761 205 1809 iu
217 1760 266 1809 hec
280 1767 375 1811 certam
388 1761 460 1821 regio
473 1761 535 1809 iacit
548 1766 601 1808 arte
614 1759 733 1807 salutem.

29 1854 59 1898 95
80 1849 189 1911 exiguos
202 1850 314 1912 primum
328 1856 405 1912 atque
417 1848 487 1910 ipsos
500 1854 646 1897 contractus
660 1847 693 1894 ad
707 1861 767 1895 usus

80 1938 184 1998 eligitur
197 1939 285 1988 locus:
307 1938 376 1987 huuc
390 1936 545 1998 angustique
558 1935 663 1984 imbrice
677 1936 736 1982 tecti

80 2027 272 2090 parietibusque
284 2033 405 2091 premunt
417 2025 478 2073 artis
492 2030 517 2072 et
530 2031 652 2085 quattuor
664 2022 772 2079 addunt,

80 2122 202 2178 quattuor
215 2130 230 2164 a
243 2098 324 2164 ventis
338 2113 445 2176 obliqua
458 2113 515 2160 luce
528 2111 659 2160 fenestras.

81 2212 136 2251 turn
148 2204 241 2252 vitulus
255 2203 326 2251 bima
339 2216 446 2251 curvans
459 2201 511 2249 iam
525 2215 622 2249 cornua
635 2200 718 2247 fronte

29 2299 60 2342 [lo
81 2292 226 2355 quaeritur:
248 2291 310 2341 huic
322 2290 440 2352 geminae
453 2304 527 2338 nares
541 2297 566 2337 et
578 2289 682 2351 spiritus
695 2288 746 2334 oris

81 2381 165 2429 multa
176 2380 314 2436 reluctanti
327 2379 467 2428 obstruitur
479 2379 615 2441 plagisque
629 2383 761 2438 perempto

81 2479 157 2518 tunsa
170 2483 215 2532 per
227 2469 356 2530 integram
368 2468 500 2516 solvoatur
512 2467 610 2514 viscera
623 2465 725 2528 pellem.

82 2558 120 2606 sic
133 2557 248 2620 positum
259 2557 287 2605 iu
301 2557 389 2604 clauso
403 2556 504 2603 lincunt
516 2563 541 2603 et
553 2568 641 2602 romeu
654 2553 730 2600 coetis

82 2645 214 2696 subiciunt
224 2646 383 2709 fragmenta,
398 2643 517 2710 thyinum
527 2642 665 2707 casiasque
675 2637 803 2691 retentis,
