1816 2956
89 185 149 231 370
326 191 352 228 P.
369 189 491 228 VERGILI
511 187 643 227 Manouls

157 349 185 395 in
197 361 333 394 numerum
346 353 498 407 versantque
511 345 595 392 tenaci
609 343 707 406 forcipe
720 359 846 392 massam.

191 435 263 482 Haec
276 442 348 496 pater
360 435 460 482 Aeoliis
473 443 595 495 properat
608 433 669 480 dum
681 432 809 481 Lemnius
827 434 886 491 oris,

87 531 137 572 455
156 524 307 571 Euandrum
320 537 352 571 ex
365 522 456 570 humili
470 528 537 569 tecto
551 522 596 568 lux
609 521 717 568 suscitat
729 521 804 570 ulma

158 620 182 660 et
194 612 312 659 matutini
326 612 460 659 volucrum
473 611 519 659 sub
534 611 647 658 culmine
660 617 761 659 cantus.

158 701 290 761 consurgit
302 700 388 747 senior
401 701 540 761 tunicaque
553 699 683 747 inducitur
697 705 770 746 artus

158 796 183 837 et
195 788 329 851 Tyrrhena
341 787 436 849 pedum
449 788 593 836 circumdat
604 787 708 835 vincula
720 787 829 849 plantis,

158 877 292 926 tumiateri
307 883 383 938 atque
396 877 490 924 umeris
499 876 645 938 Tegeaeum
660 875 778 936 subligat
791 890 885 933 ensem,

88 971 139 1014 460
159 965 270 1013 demissa
284 963 314 1012 ab
330 965 402 1012 laeva
415 965 557 1026 pantherae
570 972 642 1026 terga
655 973 821 1026 retorquens.

158 1067 271 1101 necnon
285 1061 310 1100 et
322 1053 418 1112 gemini
433 1054 551 1101 custodes
565 1054 655 1101 limine
668 1053 700 1101 ab
715 1054 772 1101 alto

158 1141 315 1204 praecedunt
328 1155 495 1203 gressumque
509 1157 584 1190 canes
599 1142 756 1189 comitantur
770 1143 871 1191 erilem.

159 1229 267 1292 hospitis
280 1230 385 1278 Aeneae
398 1231 485 1278 sedem
499 1237 524 1278 et
536 1237 635 1278 secreta
647 1229 752 1292 petebat

159 1332 306 1366 sermonum
319 1333 418 1366 memor
431 1327 456 1366 et
467 1319 587 1381 promissi
601 1319 715 1366 muneris
728 1318 818 1368 heros.

88 1411 139 1454 465
160 1420 207 1454 nec
220 1407 305 1453 minus
318 1408 420 1454 Aeneas
434 1421 461 1455 se
474 1408 614 1455 matutinus
628 1407 730 1469 agebat.

159 1495 226 1543 filius
239 1495 300 1543 huic
312 1494 408 1554 Pallas,
424 1496 464 1543 illi
477 1511 562 1543 comes
575 1495 630 1543 ibat
642 1496 768 1544 Achates.

160 1584 290 1645 congressi
303 1583 414 1645 iungunt
427 1585 528 1631 dextras
542 1585 685 1646 mediisque
697 1584 820 1633 residunt

160 1672 265 1720 aedibus
280 1681 305 1720 et
317 1672 388 1719 licito
403 1673 506 1719 tandem
520 1687 637 1721 sermone
651 1674 781 1720 i'ruontur.

157 1775 204 1808 rex
216 1761 287 1823 prior
299 1760 372 1809 haec.

88 1853 138 1897 470
155 1839 278 1896 ‘maxime
298 1849 457 1896 Teucrorum
483 1850 588 1907 ductor,
617 1863 668 1910 quo
693 1850 795 1911 sospite
821 1866 885 1899 nun·

459 1952 538 1998 quarn

160 2040 199 2073 res
213 2025 332 2086 equidem
345 2026 439 2073 Troiae
452 2027 531 2073 victas
546 2033 589 2072 aut
602 2040 683 2087 regna
695 2025 809 2087 fatebor,

159 2113 232 2160 nobis
247 2114 279 2160 ad
294 2113 354 2161 beili
369 2114 495 2161 auxilium
510 2129 555 2175 pro
569 2115 674 2162 nomine
687 2122 760 2162 tanto

159 2201 268 2263 exiguae
282 2203 361 2251 vires:
383 2203 444 2250 hinc
457 2203 542 2250 Tusco
557 2203 703 2250 claudimur
716 2205 799 2263 amni,

159 2289 220 2339 hinc
232 2290 342 2338 Rutulus
356 2292 448 2354 premit
461 2299 485 2339 et
496 2306 596 2338 murum
610 2292 787 2341 circumsonat
801 2295 884 2342 armis.

89 2383 139 2427 475
160 2380 204 2427 sed
219 2379 264 2426 tibi
279 2394 327 2440 ego
340 2380 453 2440 ingentis
466 2381 575 2442 populos
590 2381 766 2442 opulentaque
780 2384 866 2444 regnis

153 2469 266 2533 iungere
280 2475 366 2519 castra
377 2482 452 2532 paro,
466 2483 544 2531 quam
556 2468 608 2514 fors
622 2469 730 2530 inopina
743 2471 857 2519 salutern

146 2569 279 2614 ostentat.
309 2561 375 2614 satis
386 2560 443 2609 huc
455 2566 481 2607 te
492 2554 662 2620 poscentum
673 2555 768 2599 adiens.

136 2654 218 2707 haud
233 2658 341 2724 procul
356 2655 426 2705 hine
442 2664 511 2699 saxo
524 2642 653 2692 inceium
664 2636 884 2682 assumtam
