1816 2956
360 155 548 196 CATALECTA.

73 322 105 363 10
162 315 222 377 quid
236 315 267 362 de
281 323 305 362 te
318 314 415 376 possim
428 312 539 361 scribere
553 312 646 375 quidve
659 313 715 361 tibi.

127 418 236 466 namque
250 403 361 466 (fatebor
375 402 455 464 enim)
470 416 535 463 quae
548 402 662 449 maxima
675 403 819 450 deterrendi

161 492 257 551 debuit,
272 492 393 540 hortandi
407 490 521 538 maxima
534 505 612 538 causa
625 490 682 538 fuit.

126 595 209 642 pauca
222 587 266 627 tua
279 581 305 627 in
319 588 420 628 nostras
434 585 558 627 venerunt
570 578 685 627 carmina
698 579 810 638 chartas,

161 669 277 717 carmina
290 684 348 717 cum
361 668 460 729 lingua,
475 673 529 714 tum
542 667 597 715 sale
610 665 747 729 Cecropio,

76 763 105 804 15
127 758 242 805 carmina
255 771 322 818 quae
334 756 445 817 Pylium,
461 756 552 803 saeclis
567 761 672 816 accepta
685 754 786 813 futuris,

163 845 277 893 carmina
290 858 357 906 quae
369 843 472 904 Pylium
484 844 585 891 vincere
598 843 679 904 digna
690 857 786 890 senem.

127 932 239 979 molliter
252 933 294 979 hic
307 931 381 978 viridi
394 931 498 993 patulae
511 931 558 979 sub
572 931 684 993 tegmine
699 945 807 992 quercus

162 1020 257 1068 Moeris
271 1025 386 1082 pastores
400 1026 425 1067 et
436 1019 579 1068 Meliboeus
593 1027 675 1079 erant,v

128 1108 214 1156 dulcia
225 1108 350 1156 iactantes
363 1106 462 1156 alterno
476 1109 592 1156 carmina
604 1123 687 1167 versu,

75 1203 107 1245 20
163 1197 251 1260 qualia
264 1196 413 1245 Trinacriae
426 1196 515 1245 doctus
529 1203 599 1246 amat
611 1198 718 1246 iuvenis.

128 1285 244 1335 certatim
257 1283 385 1332 ornabant
397 1299 485 1334 ornnes
499 1286 606 1334 heroida
619 1287 700 1347 divae,

162 1374 278 1423 certatim
292 1374 365 1422 divae
377 1388 482 1422 munere
496 1389 614 1437 quaeque
627 1389 682 1423 suo.

126 1464 226 1512 felicem
240 1469 299 1511 ante
312 1462 377 1510 alias
390 1469 462 1510 tanto
476 1463 599 1525 scriptore
613 1463 740 1526 puellam!

129 1587 132 1590 ι
162 1554 244 1600 altera
256 1565 309 1599 non
322 1551 392 1600 fama
405 1551 498 1599 dixerit
511 1566 566 1599 esse
579 1551 657 1614 prior,

75 1647 106 1688 25
127 1656 180 1687 non
193 1640 249 1699 illa,
264 1638 433 1702 Hesperidum
446 1640 473 1686 ni
486 1655 591 1688 munere
605 1647 680 1703 capta
692 1640 789 1697 fuisset,

164 1743 229 1790 quae
242 1729 372 1775 volucrem
384 1743 459 1775 cursu
472 1729 567 1776 vicerat
581 1728 768 1790 Hippomenen,

129 1817 239 1865 candida
251 1830 346 1877 cycneo
360 1830 413 1862 uon
426 1816 495 1864 edita
507 1817 634 1878 Tyndaris
647 1832 705 1875 ovo,

163 1919 216 1951 non
229 1919 320 1967 supero
334 1903 435 1965 fulgens
450 1902 591 1967 Cassiopea
602 1906 674 1967 polo,

128 2007 180 2039 non
194 1993 298 2040 defensa
312 1993 356 2040 din
369 1993 501 2040 volucrum
515 1994 653 2041 certamine
667 2008 801 2055 equorum,

76 2085 109 2127 30
165 2080 289 2143 optabant
301 2080 395 2129 Graiae
409 2096 487 2143 quam
500 2081 548 2127 sibi
562 2096 679 2143 quaeque
692 2096 792 2139 manus,

128 2184 205 2232 saepe
218 2169 331 2217 animam
343 2169 431 2229 generi
445 2184 491 2232 pro
505 2185 557 2231 qua
569 2178 642 2231 pater
653 2170 747 2232 impius
759 2169 852 2228 hausit,

164 2272 240 2321 saepe
254 2256 331 2305 rubro
344 2257 413 2304 Eleis
427 2258 553 2319 sanguine
565 2258 639 2305 fluxit
651 2255 753 2317 liumus,

129 2346 200 2406 regia
212 2360 265 2392 non
279 2344 388 2404 Semele,
404 2359 456 2392 non
469 2346 572 2393 Inachis
585 2347 730 2405 Acrisione,

164 2435 259 2483 inmitti
272 2439 392 2496 expertae
405 2433 511 2482 fulmina
525 2442 550 2483 et
562 2435 643 2483 imbre
655 2436 751 2492 Iovem,

76 2527 108 2570 35
130 2537 182 2570 non
196 2523 268 2570 cuius
282 2521 314 2569 cb
328 2530 430 2583 raptum
443 2522 510 2584 pulsi
524 2523 622 2585 liquere
635 2529 739 2584 penates

164 2611 300 2674 Tarquinii
313 2611 409 2673 patrios
422 2611 489 2658 filius
503 2618 580 2673 atquc
594 2618 675 2673 pater,

113 2695 235 2752 Vergilius.
657 2692 695 2739 34
