1816 2956
288 197 436 237 nanninus
455 198 541 236 nisan
559 198 586 235 v.
774 188 832 237 251

56 360 88 404 65
109 355 213 402 Aurora
226 356 346 403 extulerit
358 355 488 416 radiisque
502 356 622 403 retexerit
634 355 730 412 orbern,

108 445 192 506 prima
205 445 271 492 citae
283 444 389 492 Teucris
403 458 499 505 ponam
513 445 653 492 certamina
667 444 772 502 classis3

110 533 206 595 quique
218 533 313 595 pedum
327 547 402 580 cursu
415 533 483 580 valet
496 541 521 580 et
534 534 577 594 qui
591 533 685 580 viribus
700 534 786 581 audax

110 629 154 669 aut
166 622 252 669 iaculo
264 621 361 670 incedit
373 622 465 669 melior
477 621 626 684 levibusque
639 623 747 682 sagittis,

109 725 154 758 seu
168 711 248 758 crudo
262 710 317 757 fidit
329 725 443 772 pugnam
457 711 615 759 committere
628 719 724 768 caestu,

56 802 90 849 70
110 799 196 847 cuncti
216 799 302 846 adsint
320 799 478 860 meritaeque
497 808 633 862 expectent
651 801 766 862 praemia
783 801 837 863 pal-

411 903 476 936 mae.

109 991 154 1024 ore
167 976 249 1025 favete
263 991 351 1024 omnes
366 984 391 1024 et
403 978 498 1038 cingite
511 986 627 1040 tempora
641 971 736 1026 ramis.‘

145 1064 188 1113 Sic
201 1065 268 1114 satus
281 1067 349 1114 velat
362 1074 478 1114 materna
491 1073 607 1129 tempora
619 1075 711 1129 myrto.

108 1155 159 1202 hoc
173 1154 294 1217 Helymus
308 1155 378 1213 facit,
395 1155 444 1204 hoc
457 1156 512 1204 aevi
525 1164 639 1204 maturus
653 1158 768 1216 Acestes,

109 1242 159 1291 hoc
171 1257 236 1305 puer
247 1243 385 1301 Ascanius,
401 1245 516 1306 sequitur
529 1260 593 1307 quos
607 1252 691 1294 cetera
704 1246 793 1308 pubes.

56 1335 88 1381 75
108 1332 152 1379 ille
166 1346 180 1380 e
193 1332 303 1380 concilio
317 1333 403 1380 multis
418 1348 476 1381 cum
489 1334 593 1381 milibus
607 1335 661 1383 ibat

107 1421 140 1470 ad
154 1422 291 1479 tumulum,
307 1437 402 1483 magna
416 1423 515 1471 medius
529 1424 668 1472 comitante
682 1433 791 1473 caterva.

109 1509 151 1558 hic
164 1510 215 1557 duo
229 1511 276 1558 rite
290 1525 360 1558 mero
374 1511 457 1559 libans
471 1513 602 1561 carchesia
615 1513 719 1561 Baccho

108 1598 193 1646 fundit
206 1600 290 1658 humi,
307 1601 358 1648 duo
372 1601 438 1649 lacte
452 1615 531 1660 nuuc,
548 1602 599 1648 duo
613 1601 739 1661 sauguine
752 1617 835 1660 sacru,

108 1702 302 1751 purpureosque
315 1689 376 1738 iacit
388 1690 462 1737 flores
476 1705 506 1737 ac
520 1691 583 1738 talia
596 1689 670 1736 fatur.

55 1781 89 1824 80
106 1765 194 1833 ‘salva
210 1785 298 1826 sancte
311 1793 413 1840 parens,
428 1779 537 1837 iterum3
559 1780 662 1836 salvete,
678 1779 773 1841 recepti

108 1866 266 1929 nequiquam
291 1868 402 1925 cineres,
431 1868 584 1929 animaeque
609 1866 767 1929 umbraeque
792 1882 838 1929 pu·

411 1964 509 2004 ternae.

109 2057 160 2090 nou
175 2044 247 2092 licuit
260 2044 317 2091 finis
330 2044 409 2092 Italus
424 2045 565 2107 fataliaque
578 2060 638 2094 arva

109 2146 156 2180 uec
175 2140 259 2181 tecum
278 2133 439 2190 Ausonium,
465 2134 620 2196 quicumque
639 2143 691 2192 est,
714 2149 838 2197 quaerere

410 2221 556 2282 Thybrim)

109 2309 210 2358 dixerat
222 2310 295 2368 haec,
311 2311 393 2372 adytis
408 2325 466 2358 cum
479 2311 593 2360 lubricus
606 2313 698 2372 anguis
712 2311 743 2360 ab
757 2312 816 2360 imis

56 2403 88 2446 85
109 2407 206 2461 septem
218 2400 309 2460 iugens
323 2414 407 2462 gyros,
423 2408 529 2462 septena
541 2401 672 2450 volumina
686 2401 771 2459 traxit,

108 2489 243 2550 amplexus
256 2490 358 2551 placide
371 2490 499 2536 tumulum
513 2491 651 2552 lapsusque
665 2504 710 2551 per
722 2504 789 2548 arua,

109 2577 243 2625 caerulcae
256 2577 297 2625 cui
311 2585 383 2638 terga
396 2583 473 2626 notae
486 2580 633 2626 maculosus
648 2586 673 2626 et
685 2591 748 2626 auro

108 2680 244 2727 squamam
256 2666 411 2715 incendebat
424 2666 521 2731 fulgor,
537 2683 586 2718 ceu
596 2666 715 2716 nubibus
727 2679 811 2714 arcus
