1816 2956
275 201 446 244 eucnemon
464 201 553 242 muna
569 203 589 242 1.

102 374 149 425 per
161 368 264 409 noctem
276 375 398 409 resonare
411 361 478 424 lupis
492 359 651 408 ululantibus
665 359 750 408 urbes.

101 465 156 499 nou
170 451 234 499 alius
247 451 319 499 eaelo
333 450 481 498 cecideruut
494 450 569 511 plura
581 463 672 497 sereno

102 539 207 600 fulgura
219 553 267 587 uec
281 538 329 586 diri
341 539 436 586 totiens
450 552 534 585 arsere
547 545 671 585 cometae.

102 640 165 687 ergo
178 627 244 672 iuter
256 640 312 673 sese
325 626 429 687 paribus
443 640 594 672 concurrere
607 626 665 672 telis

48 720 82 761 90
102 713 234 761 Romanas
248 713 316 761 acies
330 713 423 760 iterum
435 713 520 760 videre
533 712 664 774 Philippi;

102 816 150 849 nee
163 801 212 847 fuit
223 801 359 862 indignum
372 801 471 862 superis
484 800 523 847 bis
537 800 663 862 sauguine
676 807 765 848 nostro

101 889 250 937 Emathiam
263 896 288 937 et
300 890 366 937 latos
379 888 471 936 Haemi
485 890 652 951 pinguescere
666 903 779 950 campos.

103 978 202 1026 scilicet
214 984 239 1026 et
251 984 351 1040 tempus
364 977 448 1026 veniet
461 993 519 1026 cum
532 977 625 1025 finibus
638 978 690 1024 illis

103 1067 220 1128 agricolo
231 1066 337 1115 incurvo
351 1074 444 1115 terram
457 1066 563 1113 molitus
577 1074 662 1113 aratro

48 1161 82 1203 95
104 1169 181 1203 exesa
193 1156 305 1204 inveniet
318 1156 409 1203 scabra
421 1154 539 1216 robigine
552 1155 607 1217 pila

104 1251 149 1292 aut
160 1244 280 1306 gravibus
293 1245 381 1292 rastris
394 1245 482 1305 galeas
496 1243 609 1305 pulsabit
621 1243 706 1291 inanis

102 1332 264 1394 grandiaque
277 1333 375 1380 effossis
389 1332 523 1380 mirabitur
536 1348 595 1381 ossa
608 1332 759 1394 sepulchris.

103 1421 129 1468 di
143 1422 228 1484 patrii,
244 1421 378 1483 indigetes,
395 1429 419 1470 et
432 1421 542 1469 Romule
553 1421 683 1484 Vestaque
696 1430 786 1481 mater,

104 1525 172 1574 quae
188 1511 301 1559 Tuscum
320 1511 434 1559 Tiberim
452 1516 477 1558 et
488 1510 606 1557 Romanu
619 1511 721 1558 Palatia
734 1525 828 1569 servas,

48 1604 83 1647 00
104 1599 174 1647 hune
187 1600 278 1648 saltem
292 1597 380 1647 euerso
392 1600 510 1647 iuvenem
522 1614 669 1647 succurrere
682 1600 768 1648 saeclo

104 1703 136 1736 ne
150 1689 299 1751 prohibetel
327 1689 387 1736 satis
401 1689 453 1735 iam
466 1688 566 1750 pridem
579 1689 704 1749 sanguine
718 1695 806 1735 nostro

104 1777 312 1826 Laomedonteae
329 1778 424 1825 luimus
437 1777 549 1839 periuria
562 1777 670 1835 Troiae3

102 1867 269 1929 iampridem
281 1866 356 1914 nobis
371 1867 436 1914 caeli
450 1873 474 1914 te
487 1867 566 1927 regia,
584 1865 688 1924 Caesar,

103 1955 201 2003 invidet
234 1964 310 2017 atque
335 1955 468 2002 hominum
493 1955 607 2016 queritur
629 1970 719 2004 curare
742 1955 830 2003 trium·

404 2044 484 2106 phos3

48 2139 82 2182 05
104 2132 201 2196 quippe
213 2132 257 2179 ubi
271 2132 309 2180 fas
322 2147 422 2181 versum
435 2139 513 2195 atque
531 2132 617 2180 nefas:
641 2139 678 2180 tot
697 2132 767 2181 bella
786 2148 831 2196 per

405 2221 502 2279 orbem,

102 2317 156 2358 tum
168 2309 266 2357 multae
279 2311 405 2358 scelerum
417 2310 510 2369 faeies3
525 2325 578 2357 non
590 2309 660 2358 ullus
674 2319 759 2358 aratro

103 2399 197 2460 dignus
211 2398 309 2457 honos,
325 2399 444 2461 squalent
457 2399 573 2447 abductis
587 2414 646 2446 arva
660 2399 759 2446 colonis

102 2494 129 2536 et
142 2500 234 2534 curvae
246 2486 357 2546 rigidum
370 2487 450 2539 falices
465 2490 614 2541 conflantur
626 2489 658 2539 'm
669 2503 772 2539 susem.

89 2572 152 2616 111'110
162 2579 251 2619 movet
259 2574 425 2643 Euphrates,
442 2583 524 2636 illine
540 2583 700 2637 Germau'ra
707 2580 834 2635 bellum,

47 2658 56 2694 ⁷
76 2653 176 2700 V1'01'11120
186 2659 274 2719 ruptis
287 2663 362 2716 inter
376 2687 408 2725 se
419 2675 542 2743 legibus
556 2680 648 2731 urbes
