<?xml version="1.0" encoding="UTF-8"?>
<!DOCTYPE html PUBLIC "-//W3C//DTD XHTML 1.0 Transitional//EN"
    "http://www.w3.org/TR/xhtml1/DTD/xhtml1-transitional.dtd">
<html xmlns="http://www.w3.org/1999/xhtml" xml:lang="en" lang="en">
 <head>
  <title>
</title>
<meta http-equiv="Content-Type" content="text/html;charset=utf-8" />
  <meta name='ocr-system' content='tesseract 3.04.00' />
  <meta name='ocr-capabilities' content='ocr_page ocr_carea ocr_par ocr_line ocrx_word'/>
</head>
<body>
  <div class='ocr_page' id='page_1' title='image "./pvergiliusmaro01virggoog/pvergiliusmaro01virggoog_0156.png"; bbox 0 0 1816 2956; ppageno 0'>
   <div class='ocr_carea' id='block_1_1' title="bbox 257 158 548 199">
    <p class='ocr_par' dir='ltr' id='par_1_1' title="bbox 257 158 548 199">
     <span class='ocr_line' id='line_1_1' title="bbox 257 158 548 199; baseline 0 -1"><span class='ocrx_word' id='word_1_1' title='bbox 257 158 406 199; x_wconf 81' lang='lat' dir='ltr'>AENEIDOS</span> <span class='ocrx_word' id='word_1_2' title='bbox 425 159 512 198; x_wconf 81' lang='lat' dir='ltr'>LIBER</span> <span class='ocrx_word' id='word_1_3' title='bbox 528 162 548 199; x_wconf 87' lang='lat'><strong>1.</strong></span> 
     </span>
    </p>
   </div>
   <div class='ocr_carea' id='block_1_2' title="bbox 29 317 809 2406">
    <p class='ocr_par' dir='ltr' id='par_1_2' title="bbox 74 317 644 380">
     <span class='ocr_line' id='line_1_2' title="bbox 74 317 644 380; baseline 0.002 -16"><span class='ocrx_word' id='word_1_4' title='bbox 74 317 191 376; x_wconf 88' lang='lat' dir='ltr'><strong>miratur,</strong></span> <span class='ocrx_word' id='word_1_5' title='bbox 207 317 276 365; x_wconf 87' lang='lat' dir='ltr'><strong>videt</strong></span> <span class='ocrx_word' id='word_1_6' title='bbox 287 317 382 365; x_wconf 85' lang='lat' dir='ltr'><strong>Iliacas</strong></span> <span class='ocrx_word' id='word_1_7' title='bbox 396 331 428 364; x_wconf 88' lang='lat' dir='ltr'><strong>ex</strong></span> <span class='ocrx_word' id='word_1_8' title='bbox 442 317 532 364; x_wconf 85' lang='lat' dir='ltr'>ordine</span> <span class='ocrx_word' id='word_1_9' title='bbox 543 332 644 380; x_wconf 85' lang='lat' dir='ltr'><strong>pugnas</strong></span> 
     </span>
    </p>

    <p class='ocr_par' dir='ltr' id='par_1_3' title="bbox 75 405 726 469">
     <span class='ocr_line' id='line_1_3' title="bbox 75 405 726 469; baseline 0.002 -16"><span class='ocrx_word' id='word_1_10' title='bbox 75 406 196 468; x_wconf 86' lang='lat' dir='ltr'><strong>bellaque</strong></span> <span class='ocrx_word' id='word_1_11' title='bbox 209 407 262 454; x_wconf 88' lang='lat' dir='ltr'><strong>iam</strong></span> <span class='ocrx_word' id='word_1_12' title='bbox 274 406 345 454; x_wconf 85' lang='lat' dir='ltr'><strong>sama</strong></span> <span class='ocrx_word' id='word_1_13' title='bbox 358 412 440 453; x_wconf 83' lang='lat' dir='ltr'><strong>totum</strong></span> <span class='ocrx_word' id='word_1_14' title='bbox 452 407 557 467; x_wconf 84' lang='lat' dir='ltr'><strong>volgata</strong></span> <span class='ocrx_word' id='word_1_15' title='bbox 570 421 616 469; x_wconf 90' lang='lat' dir='ltr'><strong>per</strong></span> <span class='ocrx_word' id='word_1_16' title='bbox 629 405 726 465; x_wconf 87' lang='lat' dir='ltr'><strong>orbem,</strong></span> 
     </span>
    </p>

    <p class='ocr_par' dir='ltr' id='par_1_4' title="bbox 75 495 802 557">
     <span class='ocr_line' id='line_1_4' title="bbox 75 495 802 557; baseline -0.003 -13"><span class='ocrx_word' id='word_1_17' title='bbox 75 495 181 544; x_wconf 84' lang='lat' dir='ltr'><strong>Atridas</strong></span> <span class='ocrx_word' id='word_1_18' title='bbox 188 495 372 557; x_wconf 88' lang='lat' dir='ltr'><strong>Priamumque</strong></span> <span class='ocrx_word' id='word_1_19' title='bbox 385 502 410 543; x_wconf 88' lang='lat' dir='ltr'><strong>et</strong></span> <span class='ocrx_word' id='word_1_20' title='bbox 422 509 525 543; x_wconf 85' lang='lat' dir='ltr'><strong>saevom</strong></span> <span class='ocrx_word' id='word_1_21' title='bbox 538 495 663 545; x_wconf 83' lang='lat' dir='ltr'><strong>ambobus</strong></span> <span class='ocrx_word' id='word_1_22' title='bbox 671 495 802 543; x_wconf 84' lang='lat' dir='ltr'><strong>Achillen.</strong></span> 
     </span>
    </p>

    <p class='ocr_par' dir='ltr' id='par_1_5' title="bbox 75 573 803 731">
     <span class='ocr_line' id='line_1_5' title="bbox 75 573 803 647; baseline 0 -15"><span class='ocrx_word' id='word_1_23' title='bbox 75 583 190 632; x_wconf 90' lang='lat' dir='ltr'><strong>constitit</strong></span> <span class='ocrx_word' id='word_1_24' title='bbox 218 590 244 631; x_wconf 91' lang='lat' dir='ltr'><strong>ct</strong></span> <span class='ocrx_word' id='word_1_25' title='bbox 267 584 407 632; x_wconf 83' lang='lat' dir='ltr'><strong>lacrimans</strong></span> <span class='ocrx_word' id='word_1_26' title='bbox 430 573 498 646; x_wconf 84' lang='lat' dir='ltr'><strong>‘quis</strong></span> <span class='ocrx_word' id='word_1_27' title='bbox 525 584 577 632; x_wconf 85' lang='lat' dir='ltr'><strong>iam</strong></span> <span class='ocrx_word' id='word_1_28' title='bbox 603 575 683 632; x_wconf 89' lang='lat' dir='ltr'><strong>locus’</strong></span> <span class='ocrx_word' id='word_1_29' title='bbox 709 585 803 647; x_wconf 83' lang='lat' dir='ltr'><strong>inquit,</strong></span> 
     </span>
     <span class='ocr_line' id='line_1_6' title="bbox 374 663 495 731; baseline -0.008 -10"><span class='ocrx_word' id='word_1_30' title='bbox 374 663 495 731; x_wconf 83' lang='lat' dir='ltr'><strong>‘Achate‚</strong></span> 
     </span>
    </p>

    <p class='ocr_par' dir='ltr' id='par_1_6' title="bbox 29 761 806 1179">
     <span class='ocr_line' id='line_1_7' title="bbox 29 761 734 824; baseline -0.004 -13"><span class='ocrx_word' id='word_1_31' title='bbox 29 767 56 811; x_wconf 74' lang='lat'><strong>30</strong></span> <span class='ocrx_word' id='word_1_32' title='bbox 76 776 144 824; x_wconf 86' lang='lat' dir='ltr'><strong>quae</strong></span> <span class='ocrx_word' id='word_1_33' title='bbox 157 761 229 823; x_wconf 87' lang='lat' dir='ltr'><strong>regio</strong></span> <span class='ocrx_word' id='word_1_34' title='bbox 242 761 269 808; x_wconf 90' lang='lat' dir='ltr'><strong>in</strong></span> <span class='ocrx_word' id='word_1_35' title='bbox 283 761 355 810; x_wconf 85' lang='lat' dir='ltr'><strong>terris</strong></span> <span class='ocrx_word' id='word_1_36' title='bbox 369 762 449 809; x_wconf 88' lang='lat' dir='ltr'>nostri</span> <span class='ocrx_word' id='word_1_37' title='bbox 462 776 515 810; x_wconf 89' lang='lat' dir='ltr'><strong>nou</strong></span> <span class='ocrx_word' id='word_1_38' title='bbox 528 762 607 824; x_wconf 87' lang='lat' dir='ltr'><strong>plena</strong></span> <span class='ocrx_word' id='word_1_39' title='bbox 619 761 734 810; x_wconf 78' lang='lat' dir='ltr'><strong>laboris?</strong></span> 
     </span>
     <span class='ocr_line' id='line_1_8' title="bbox 76 850 764 913; baseline -0.001 -14"><span class='ocrx_word' id='word_1_40' title='bbox 76 864 110 900; x_wconf 86' lang='lat' dir='ltr'><strong>en</strong></span> <span class='ocrx_word' id='word_1_41' title='bbox 121 850 248 898; x_wconf 82' lang='lat' dir='ltr'>Priamus.</span> <span class='ocrx_word' id='word_1_42' title='bbox 276 857 336 898; x_wconf 88' lang='lat' dir='ltr'><strong>sunt</strong></span> <span class='ocrx_word' id='word_1_43' title='bbox 348 850 391 898; x_wconf 91' lang='lat' dir='ltr'><strong>hic</strong></span> <span class='ocrx_word' id='word_1_44' title='bbox 404 851 481 898; x_wconf 88' lang='lat' dir='ltr'><strong>ctiam</strong></span> <span class='ocrx_word' id='word_1_45' title='bbox 494 866 542 899; x_wconf 84' lang='lat' dir='ltr'><strong>sua</strong></span> <span class='ocrx_word' id='word_1_46' title='bbox 555 851 670 913; x_wconf 86' lang='lat' dir='ltr'><strong>praemia</strong></span> <span class='ocrx_word' id='word_1_47' title='bbox 683 851 764 910; x_wconf 84' lang='lat' dir='ltr'><strong>laudi,</strong></span> 
     </span>
     <span class='ocr_line' id='line_1_9' title="bbox 76 939 803 1000; baseline -0.001 -13"><span class='ocrx_word' id='word_1_48' title='bbox 76 945 138 987; x_wconf 87' lang='lat' dir='ltr'><strong>sunt</strong></span> <span class='ocrx_word' id='word_1_49' title='bbox 149 939 272 987; x_wconf 81' lang='lat' dir='ltr'><strong>lacrimae</strong></span> <span class='ocrx_word' id='word_1_50' title='bbox 285 954 370 987; x_wconf 83' lang='lat' dir='ltr'><strong>rerum</strong></span> <span class='ocrx_word' id='word_1_51' title='bbox 384 947 408 986; x_wconf 90' lang='lat' dir='ltr'><strong>et</strong></span> <span class='ocrx_word' id='word_1_52' title='bbox 420 947 532 988; x_wconf 79' lang='lat' dir='ltr'>mentem</span> <span class='ocrx_word' id='word_1_53' title='bbox 545 939 667 987; x_wconf 86' lang='lat' dir='ltr'><strong>mortalia</strong></span> <span class='ocrx_word' id='word_1_54' title='bbox 685 945 803 1000; x_wconf 83' lang='lat' dir='ltr'><strong>tangunt.</strong></span> 
     </span>
     <span class='ocr_line' id='line_1_10' title="bbox 77 1019 806 1089; baseline -0.003 -13"><span class='ocrx_word' id='word_1_55' title='bbox 77 1028 149 1076; x_wconf 83' lang='lat' dir='ltr'><strong>solvc</strong></span> <span class='ocrx_word' id='word_1_56' title='bbox 160 1036 257 1076; x_wconf 86' lang='lat' dir='ltr'><strong>metus:</strong></span> <span class='ocrx_word' id='word_1_57' title='bbox 273 1028 337 1076; x_wconf 83' lang='lat' dir='ltr'><strong>feret</strong></span> <span class='ocrx_word' id='word_1_58' title='bbox 347 1027 412 1076; x_wconf 85' lang='lat' dir='ltr'><strong>haec</strong></span> <span class='ocrx_word' id='word_1_59' title='bbox 424 1028 539 1089; x_wconf 82' lang='lat' dir='ltr'><strong>aliquam</strong></span> <span class='ocrx_word' id='word_1_60' title='bbox 547 1027 592 1074; x_wconf 89' lang='lat' dir='ltr'><strong>tibi</strong></span> <span class='ocrx_word' id='word_1_61' title='bbox 600 1019 806 1075; x_wconf 84' lang='lat' dir='ltr'><strong>famasalutem.&#39;</strong></span> 
     </span>
     <span class='ocr_line' id='line_1_11' title="bbox 77 1116 686 1179; baseline -0.005 -14"><span class='ocrx_word' id='word_1_62' title='bbox 77 1117 115 1165; x_wconf 86' lang='lat' dir='ltr'><strong>sic</strong></span> <span class='ocrx_word' id='word_1_63' title='bbox 128 1117 164 1165; x_wconf 86' lang='lat' dir='ltr'><strong>ait</strong></span> <span class='ocrx_word' id='word_1_64' title='bbox 178 1125 255 1179; x_wconf 84' lang='lat' dir='ltr'><strong>atquc</strong></span> <span class='ocrx_word' id='word_1_65' title='bbox 269 1117 384 1164; x_wconf 88' lang='lat' dir='ltr'><strong>animum</strong></span> <span class='ocrx_word' id='word_1_66' title='bbox 397 1116 498 1178; x_wconf 84' lang='lat' dir='ltr'><strong>pictura</strong></span> <span class='ocrx_word' id='word_1_67' title='bbox 509 1116 592 1178; x_wconf 84' lang='lat' dir='ltr'><strong>pascit</strong></span> <span class='ocrx_word' id='word_1_68' title='bbox 604 1116 686 1175; x_wconf 77' lang='lat' dir='ltr'><strong>inani,</strong></span> 
     </span>
    </p>

    <p class='ocr_par' dir='ltr' id='par_1_7' title="bbox 29 1188 804 1623">
     <span class='ocr_line' id='line_1_12' title="bbox 29 1188 804 1267; baseline -0.003 -12"><span class='ocrx_word' id='word_1_69' title='bbox 29 1211 57 1255; x_wconf 78' lang='lat'><strong>35</strong></span> <span class='ocrx_word' id='word_1_70' title='bbox 78 1206 161 1254; x_wconf 84' lang='lat' dir='ltr'><strong>multa</strong></span> <span class='ocrx_word' id='word_1_71' title='bbox 177 1188 295 1267; x_wconf 52' lang='lat' dir='ltr'><strong>gemens}</strong></span> <span class='ocrx_word' id='word_1_72' title='bbox 316 1206 442 1267; x_wconf 87' lang='lat' dir='ltr'><strong>largoque</strong></span> <span class='ocrx_word' id='word_1_73' title='bbox 455 1212 568 1252; x_wconf 88' lang='lat' dir='ltr'><strong>umectat</strong></span> <span class='ocrx_word' id='word_1_74' title='bbox 579 1204 684 1253; x_wconf 89' lang='lat' dir='ltr'><strong>flumine</strong></span> <span class='ocrx_word' id='word_1_75' title='bbox 697 1206 804 1253; x_wconf 86' lang='lat' dir='ltr'><strong>voltum.</strong></span> 
     </span>
     <span class='ocr_line' id='line_1_13' title="bbox 77 1293 744 1358; baseline 0 -16"><span class='ocrx_word' id='word_1_76' title='bbox 77 1309 190 1358; x_wconf 88' lang='lat' dir='ltr'><strong>namque</strong></span> <span class='ocrx_word' id='word_1_77' title='bbox 202 1294 305 1342; x_wconf 81' lang='lat' dir='ltr'><strong>videbat</strong></span> <span class='ocrx_word' id='word_1_78' title='bbox 317 1294 354 1341; x_wconf 86' lang='lat' dir='ltr'><strong>uti</strong></span> <span class='ocrx_word' id='word_1_79' title='bbox 367 1294 493 1342; x_wconf 82' lang='lat' dir='ltr'><strong>bellantes</strong></span> <span class='ocrx_word' id='word_1_80' title='bbox 507 1293 634 1354; x_wconf 87' lang='lat' dir='ltr'><strong>Pergama</strong></span> <span class='ocrx_word' id='word_1_81' title='bbox 647 1294 744 1342; x_wconf 87' lang='lat' dir='ltr'><strong>circum</strong></span> 
     </span>
     <span class='ocr_line' id='line_1_14' title="bbox 76 1380 752 1445; baseline -0.004 -12"><span class='ocrx_word' id='word_1_82' title='bbox 76 1383 127 1432; x_wconf 82' lang='lat' dir='ltr'><strong>hac</strong></span> <span class='ocrx_word' id='word_1_83' title='bbox 141 1383 258 1444; x_wconf 85' lang='lat' dir='ltr'><strong>fugerent</strong></span> <span class='ocrx_word' id='word_1_84' title='bbox 272 1380 343 1441; x_wconf 85' lang='lat' dir='ltr'><strong>Grai,</strong></span> <span class='ocrx_word' id='word_1_85' title='bbox 359 1389 485 1445; x_wconf 89' lang='lat' dir='ltr'><strong>promeret</strong></span> <span class='ocrx_word' id='word_1_86' title='bbox 498 1382 613 1431; x_wconf 80' lang='lat' dir='ltr'><strong>Troiana</strong></span> <span class='ocrx_word' id='word_1_87' title='bbox 625 1383 752 1442; x_wconf 86' lang='lat' dir='ltr'><strong>iuventus,</strong></span> 
     </span>
     <span class='ocr_line' id='line_1_15' title="bbox 77 1471 747 1533; baseline -0.004 -12"><span class='ocrx_word' id='word_1_88' title='bbox 77 1471 129 1521; x_wconf 85' lang='lat' dir='ltr'><strong>hac</strong></span> <span class='ocrx_word' id='word_1_89' title='bbox 141 1471 264 1533; x_wconf 84' lang='lat' dir='ltr'><strong>Phryges,</strong></span> <span class='ocrx_word' id='word_1_90' title='bbox 279 1472 387 1520; x_wconf 81' lang='lat' dir='ltr'><strong>instaret</strong></span> <span class='ocrx_word' id='word_1_91' title='bbox 400 1486 475 1520; x_wconf 88' lang='lat' dir='ltr'><strong>curm</strong></span> <span class='ocrx_word' id='word_1_92' title='bbox 489 1472 608 1520; x_wconf 83' lang='lat' dir='ltr'><strong>cristatus</strong></span> <span class='ocrx_word' id='word_1_93' title='bbox 621 1471 747 1520; x_wconf 86' lang='lat' dir='ltr'><strong>Achilles.</strong></span> 
     </span>
     <span class='ocr_line' id='line_1_16' title="bbox 78 1559 689 1623; baseline -0.002 -14"><span class='ocrx_word' id='word_1_94' title='bbox 78 1575 127 1609; x_wconf 88' lang='lat' dir='ltr'><strong>nee</strong></span> <span class='ocrx_word' id='word_1_95' title='bbox 140 1560 230 1623; x_wconf 90' lang='lat' dir='ltr'><strong>procul</strong></span> <span class='ocrx_word' id='word_1_96' title='bbox 244 1559 305 1608; x_wconf 92' lang='lat' dir='ltr'><strong>hinc</strong></span> <span class='ocrx_word' id='word_1_97' title='bbox 318 1559 397 1608; x_wconf 87' lang='lat' dir='ltr'><strong>Rhesi</strong></span> <span class='ocrx_word' id='word_1_98' title='bbox 410 1560 489 1608; x_wconf 90' lang='lat' dir='ltr'><strong>niveis</strong></span> <span class='ocrx_word' id='word_1_99' title='bbox 503 1560 614 1608; x_wconf 85' lang='lat' dir='ltr'><strong>tentoria</strong></span> <span class='ocrx_word' id='word_1_100' title='bbox 626 1561 689 1608; x_wconf 86' lang='lat' dir='ltr'><strong>velis</strong></span> 
     </span>
    </p>

    <p class='ocr_par' dir='ltr' id='par_1_8' title="bbox 29 1649 787 2069">
     <span class='ocr_line' id='line_1_17' title="bbox 29 1649 778 1711; baseline -0.001 -12"><span class='ocrx_word' id='word_1_101' title='bbox 29 1656 59 1700; x_wconf 76' lang='lat'><strong>70</strong></span> <span class='ocrx_word' id='word_1_102' title='bbox 79 1649 216 1711; x_wconf 78' lang='lat' dir='ltr'><strong>adgnoscit</strong></span> <span class='ocrx_word' id='word_1_103' title='bbox 228 1649 375 1707; x_wconf 81' lang='lat' dir='ltr'><strong>lacrimans,</strong></span> <span class='ocrx_word' id='word_1_104' title='bbox 392 1649 475 1710; x_wconf 90' lang='lat' dir='ltr'><strong>primo</strong></span> <span class='ocrx_word' id='word_1_105' title='bbox 490 1664 556 1710; x_wconf 86' lang='lat' dir='ltr'><strong>quae</strong></span> <span class='ocrx_word' id='word_1_106' title='bbox 570 1649 674 1711; x_wconf 86' lang='lat' dir='ltr'><strong>prodita</strong></span> <span class='ocrx_word' id='word_1_107' title='bbox 687 1664 778 1698; x_wconf 90' lang='lat' dir='ltr'><strong>somno</strong></span> 
     </span>
     <span class='ocr_line' id='line_1_18' title="bbox 78 1737 643 1801; baseline -0.004 -14"><span class='ocrx_word' id='word_1_108' title='bbox 78 1738 192 1801; x_wconf 87' lang='lat' dir='ltr'><strong>Tydides</strong></span> <span class='ocrx_word' id='word_1_109' title='bbox 206 1738 288 1785; x_wconf 85' lang='lat' dir='ltr'><strong>multa</strong></span> <span class='ocrx_word' id='word_1_110' title='bbox 300 1737 417 1785; x_wconf 83' lang='lat' dir='ltr'><strong>vastabat</strong></span> <span class='ocrx_word' id='word_1_111' title='bbox 431 1738 509 1785; x_wconf 85' lang='lat' dir='ltr'><strong>caedo</strong></span> <span class='ocrx_word' id='word_1_112' title='bbox 523 1745 643 1786; x_wconf 88' lang='lat' dir='ltr'><strong>cruentus</strong></span> 
     </span>
     <span class='ocr_line' id='line_1_19' title="bbox 79 1827 761 1890; baseline -0.001 -15"><span class='ocrx_word' id='word_1_113' title='bbox 79 1827 250 1888; x_wconf 82' lang='lat' dir='ltr'><strong>ardentesque</strong></span> <span class='ocrx_word' id='word_1_114' title='bbox 264 1827 355 1874; x_wconf 87' lang='lat' dir='ltr'><strong>avertit</strong></span> <span class='ocrx_word' id='word_1_115' title='bbox 368 1841 448 1888; x_wconf 90' lang='lat' dir='ltr'><strong>equos</strong></span> <span class='ocrx_word' id='word_1_116' title='bbox 461 1827 489 1873; x_wconf 91' lang='lat' dir='ltr'><strong>in</strong></span> <span class='ocrx_word' id='word_1_117' title='bbox 503 1835 586 1875; x_wconf 84' lang='lat' dir='ltr'><strong>castra</strong></span> <span class='ocrx_word' id='word_1_118' title='bbox 600 1827 670 1888; x_wconf 85' lang='lat' dir='ltr'><strong>prius</strong></span> <span class='ocrx_word' id='word_1_119' title='bbox 684 1842 761 1890; x_wconf 83' lang='lat' dir='ltr'><strong>quam</strong></span> 
     </span>
     <span class='ocr_line' id='line_1_20' title="bbox 77 1914 787 1980; baseline -0.001 -17"><span class='ocrx_word' id='word_1_120' title='bbox 77 1915 176 1980; x_wconf 86' lang='lat' dir='ltr'><strong>pabula</strong></span> <span class='ocrx_word' id='word_1_121' title='bbox 189 1921 335 1976; x_wconf 85' lang='lat' dir='ltr'><strong>gustassent</strong></span> <span class='ocrx_word' id='word_1_122' title='bbox 348 1914 442 1964; x_wconf 86' lang='lat' dir='ltr'><strong>Troiae</strong></span> <span class='ocrx_word' id='word_1_123' title='bbox 455 1915 641 1979; x_wconf 87' lang='lat' dir='ltr'><strong>Xanthumque</strong></span> <span class='ocrx_word' id='word_1_124' title='bbox 655 1915 787 1963; x_wconf 90' lang='lat' dir='ltr'><strong>bibissent.</strong></span> 
     </span>
     <span class='ocr_line' id='line_1_21' title="bbox 79 2003 664 2069; baseline 0.002 -18"><span class='ocrx_word' id='word_1_125' title='bbox 79 2010 153 2069; x_wconf 83' lang='lat' dir='ltr'><strong>parte</strong></span> <span class='ocrx_word' id='word_1_126' title='bbox 166 2005 219 2052; x_wconf 84' lang='lat' dir='ltr'><strong>alia</strong></span> <span class='ocrx_word' id='word_1_127' title='bbox 231 2003 332 2066; x_wconf 81' lang='lat' dir='ltr'><strong>fugiens</strong></span> <span class='ocrx_word' id='word_1_128' title='bbox 346 2004 447 2051; x_wconf 86' lang='lat' dir='ltr'><strong>amissis</strong></span> <span class='ocrx_word' id='word_1_129' title='bbox 460 2004 564 2052; x_wconf 88' lang='lat' dir='ltr'><strong>Troilus</strong></span> <span class='ocrx_word' id='word_1_130' title='bbox 578 2005 664 2063; x_wconf 88' lang='lat' dir='ltr'><strong>armis,</strong></span> 
     </span>
    </p>

    <p class='ocr_par' dir='ltr' id='par_1_9' title="bbox 29 2092 809 2334">
     <span class='ocr_line' id='line_1_22' title="bbox 29 2092 711 2155; baseline -0.007 -11"><span class='ocrx_word' id='word_1_131' title='bbox 29 2099 59 2144; x_wconf 74' lang='lat'><strong>75</strong></span> <span class='ocrx_word' id='word_1_132' title='bbox 78 2092 171 2141; x_wconf 84' lang='lat' dir='ltr'><strong>infelix</strong></span> <span class='ocrx_word' id='word_1_133' title='bbox 184 2107 247 2155; x_wconf 87' lang='lat' dir='ltr'><strong>puer</strong></span> <span class='ocrx_word' id='word_1_134' title='bbox 261 2099 337 2154; x_wconf 89' lang='lat' dir='ltr'><strong>atque</strong></span> <span class='ocrx_word' id='word_1_135' title='bbox 350 2092 425 2155; x_wconf 88' lang='lat' dir='ltr'><strong>inpar</strong></span> <span class='ocrx_word' id='word_1_136' title='bbox 438 2107 590 2155; x_wconf 85' lang='lat' dir='ltr'><strong>congressus</strong></span> <span class='ocrx_word' id='word_1_137' title='bbox 603 2093 711 2152; x_wconf 83' lang='lat' dir='ltr'><strong>Achilli,</strong></span> 
     </span>
     <span class='ocr_line' id='line_1_23' title="bbox 78 2181 730 2245; baseline -0.005 -13"><span class='ocrx_word' id='word_1_138' title='bbox 78 2182 160 2232; x_wconf 80' lang='lat' dir='ltr'><strong>fertur</strong></span> <span class='ocrx_word' id='word_1_139' title='bbox 172 2181 244 2244; x_wconf 91' lang='lat' dir='ltr'><strong>equis</strong></span> <span class='ocrx_word' id='word_1_140' title='bbox 258 2196 386 2243; x_wconf 90' lang='lat' dir='ltr'><strong>curruque</strong></span> <span class='ocrx_word' id='word_1_141' title='bbox 399 2181 488 2229; x_wconf 87' lang='lat' dir='ltr'><strong>haeret</strong></span> <span class='ocrx_word' id='word_1_142' title='bbox 500 2182 635 2245; x_wconf 88' lang='lat' dir='ltr'><strong>resupinus</strong></span> <span class='ocrx_word' id='word_1_143' title='bbox 648 2182 730 2241; x_wconf 82' lang='lat' dir='ltr'><strong>inani,</strong></span> 
     </span>
     <span class='ocr_line' id='line_1_24' title="bbox 79 2269 809 2334; baseline 0 -16"><span class='ocrx_word' id='word_1_144' title='bbox 79 2270 138 2320; x_wconf 82' lang='lat' dir='ltr'><strong>lora</strong></span> <span class='ocrx_word' id='word_1_145' title='bbox 150 2277 239 2319; x_wconf 87' lang='lat' dir='ltr'><strong>tenens</strong></span> <span class='ocrx_word' id='word_1_146' title='bbox 252 2277 338 2318; x_wconf 86' lang='lat' dir='ltr'><strong>tamen</strong></span> <span class='ocrx_word' id='word_1_147' title='bbox 349 2287 355 2329; x_wconf 84' lang='lat'><em>3</em></span> <span class='ocrx_word' id='word_1_148' title='bbox 375 2269 436 2318; x_wconf 88' lang='lat' dir='ltr'><strong>huic</strong></span> <span class='ocrx_word' id='word_1_149' title='bbox 455 2271 592 2334; x_wconf 88' lang='lat' dir='ltr'><strong>cervixque</strong></span> <span class='ocrx_word' id='word_1_150' title='bbox 606 2285 747 2333; x_wconf 88' lang='lat' dir='ltr'><strong>comaeque</strong></span> <span class='ocrx_word' id='word_1_151' title='bbox 760 2276 809 2318; x_wconf 84' lang='lat' dir='ltr'><strong>tra-</strong></span> 
     </span>
    </p>

    <p class='ocr_par' dir='ltr' id='par_1_10' title="bbox 382 2358 479 2406">
     <span class='ocr_line' id='line_1_25' title="bbox 382 2358 479 2406; baseline 0.01 -1"><span class='ocrx_word' id='word_1_152' title='bbox 382 2358 479 2406; x_wconf 88' lang='lat' dir='ltr'><strong>huntur</strong></span> 
     </span>
    </p>
   </div>
   <div class='ocr_carea' id='block_1_3' title="bbox 52 2446 755 2599">
    <p class='ocr_par' dir='ltr' id='par_1_11' title="bbox 52 2446 755 2599">
     <span class='ocr_line' id='line_1_26' title="bbox 52 2446 707 2512; baseline -0.005 -16"><span class='ocrx_word' id='word_1_153' title='bbox 52 2468 55 2472; x_wconf 48' lang='lat'>*</span> <span class='ocrx_word' id='word_1_154' title='bbox 79 2462 127 2512; x_wconf 90' lang='lat' dir='ltr'><strong>per</strong></span> <span class='ocrx_word' id='word_1_155' title='bbox 139 2454 233 2496; x_wconf 88' lang='lat' dir='ltr'><strong>terram</strong></span> <span class='ocrx_word' id='word_1_156' title='bbox 247 2454 272 2496; x_wconf 89' lang='lat' dir='ltr'><strong>et</strong></span> <span class='ocrx_word' id='word_1_157' title='bbox 284 2461 356 2495; x_wconf 85' lang='lat' dir='ltr'><strong>versa</strong></span> <span class='ocrx_word' id='word_1_158' title='bbox 368 2448 452 2510; x_wconf 86' lang='lat' dir='ltr'><strong>pulvis</strong></span> <span class='ocrx_word' id='word_1_159' title='bbox 465 2446 612 2496; x_wconf 89' lang='lat' dir='ltr'><strong>inscribitur</strong></span> <span class='ocrx_word' id='word_1_160' title='bbox 625 2447 707 2496; x_wconf 87' lang='lat' dir='ltr'><strong>hasta.</strong></span> 
     </span>
     <span class='ocr_line' id='line_1_27' title="bbox 79 2535 755 2599; baseline -0.004 -14"><span class='ocrx_word' id='word_1_161' title='bbox 79 2537 179 2585; x_wconf 87' lang='lat' dir='ltr'><strong>interea</strong></span> <span class='ocrx_word' id='word_1_162' title='bbox 191 2537 224 2584; x_wconf 84' lang='lat' dir='ltr'><strong>ad</strong></span> <span class='ocrx_word' id='word_1_163' title='bbox 238 2536 362 2598; x_wconf 90' lang='lat' dir='ltr'><strong>templum</strong></span> <span class='ocrx_word' id='word_1_164' title='bbox 376 2550 429 2583; x_wconf 91' lang='lat' dir='ltr'><strong>non</strong></span> <span class='ocrx_word' id='word_1_165' title='bbox 442 2551 541 2599; x_wconf 84' lang='lat' dir='ltr'><strong>acquae</strong></span> <span class='ocrx_word' id='word_1_166' title='bbox 553 2536 669 2584; x_wconf 88' lang='lat' dir='ltr'><strong>Palladis</strong></span> <span class='ocrx_word' id='word_1_167' title='bbox 682 2535 755 2584; x_wconf 88' lang='lat' dir='ltr'><strong>ibant</strong></span> 
     </span>
    </p>
   </div>
   <div class='ocr_carea' id='block_1_4' title="bbox 29 2623 713 2755">
    <p class='ocr_par' dir='ltr' id='par_1_12' title="bbox 29 2623 713 2755">
     <span class='ocr_line' id='line_1_28' title="bbox 29 2623 713 2689; baseline -0.007 -14"><span class='ocrx_word' id='word_1_168' title='bbox 29 2629 61 2676; x_wconf 80' lang='grc'><strong>80</strong></span> <span class='ocrx_word' id='word_1_169' title='bbox 80 2625 194 2675; x_wconf 86' lang='lat' dir='ltr'><strong>crinibus</strong></span> <span class='ocrx_word' id='word_1_170' title='bbox 206 2625 302 2674; x_wconf 86' lang='lat' dir='ltr'><strong>Iliades</strong></span> <span class='ocrx_word' id='word_1_171' title='bbox 316 2624 397 2686; x_wconf 87' lang='lat' dir='ltr'><strong>passis</strong></span> <span class='ocrx_word' id='word_1_172' title='bbox 410 2625 568 2689; x_wconf 87' lang='lat' dir='ltr'><strong>peplumque</strong></span> <span class='ocrx_word' id='word_1_173' title='bbox 581 2623 713 2682; x_wconf 59' lang='lat' dir='ltr'><strong>ietebant,</strong></span> 
     </span>
     <span class='ocr_line' id='line_1_29' title="bbox 601 2700 663 2755; baseline 0 0"><span class='ocrx_word' id='word_1_174' title='bbox 601 2700 663 2755; x_wconf 66' lang='lat' dir='ltr'><strong>lo*</strong></span> 
     </span>
    </p>
   </div>
   <div class='ocr_carea' id='block_1_5' title="bbox 0 0 914 2956">
    <p class='ocr_par' dir='ltr' id='par_1_13' title="bbox 0 0 914 2956">
     <span class='ocr_line' id='line_1_30' title="bbox 0 0 914 2956; baseline 0 0"><span class='ocrx_word' id='word_1_175' title='bbox 0 0 914 2956; x_wconf 95' lang='lat' dir='ltr'><strong> </strong></span> 
     </span>
    </p>
   </div>
  </div>
 </body>
</html>
