1816 2956
282 203 430 242 Aruernos
449 204 535 242 mann
549 203 591 242 111.
770 193 831 240 ‘215

104 361 170 407 ‘sum
183 360 267 422 patria
280 374 312 407 ex
324 359 423 416 Ithaca,
440 375 524 407 comes
538 360 648 407 infelicis
661 359 742 418 Ulixi,

105 463 201 496 nomen
213 448 415 507 Achemenides‚
436 449 541 495 Troiam
560 449 676 510 genitore
690 449 833 496 Adamasto

47 541 85 586 ‚15
105 552 218 599 paupere
232 536 430 599 (mansissetque
443 537 543 584 utinam
556 537 672 599 fortuna)
685 537 814 599 profectus

104 625 146 673 liic
160 639 209 683 me,
226 626 287 672 dnm
300 625 393 687 trepidi
407 625 523 673 crudelia
536 624 627 673 limina
640 626 748 684 lincunt,

104 713 258 761 inmemores
272 715 334 761 socii
349 720 420 762 vasto
436 712 557 775 Cyclopis
570 714 596 760 in
611 721 684 760 antro

104 802 247 850 deseruere.
276 803 367 849 domus
380 803 451 850 sanie
465 803 626 864 dapibusque
640 802 760 861 cruentis,

103 890 172 937 intus
186 906 277 953 opaca,
294 891 395 952 ingens.
423 891 478 954 ipse
491 891 595 947 arduos,
611 891 716 952 altaque
729 891 815 952 pulsat

50 983 84 1027 20
103 966 189 1027 sidera
202 978 249 1041 (di,
266 980 343 1027 talem
359 980 432 1027 tcrris
447 980 551 1027 avertite
565 978 685 1040 pestem),

102 1082 150 1116 nec
163 1068 218 1115 visu
232 1068 315 1116 facilis
329 1083 376 1116 nec
390 1069 459 1115 dictu
473 1067 594 1114 adfabilis
608 1067 664 1114 ulli.

102 1156 240 1204 visceribus
254 1157 407 1204 miserorum
420 1164 445 1204 et
457 1156 583 1216 sanguine
597 1155 708 1202 vescitur
721 1163 785 1202 ntro.

101 1244 153 1292 vidi
167 1253 278 1306 egomet,
295 1246 346 1291 duo
361 1245 392 1292 de
405 1259 512 1292 numero
527 1259 585 1292 cum
599 1258 709 1306 corpora
721 1251 809 1292 nostro

102 1347 196 1396 prensa
208 1349 287 1381 manu
300 1348 396 1394 magna
408 1334 494 1382 mcdio
507 1333 642 1396 resupinus
656 1333 683 1382 in
697 1341 771 1381 antro

47 1425 81 1469 25
101 1421 232 1483 frangeret
244 1423 276 1469 ad
290 1438 381 1469 saxum
395 1423 518 1484 sanieque
532 1423 654 1484 adspersa
667 1431 786 1470 natarent

101 1510 200 1565 limina,
216 1511 267 1557 vidi
282 1518 337 1557 atro
351 1527 410 1558 curn
423 1511 539 1559 membra
550 1511 656 1559 fluentia
669 1510 729 1558 tabo

100 1599 235 1647 manderet
247 1607 271 1646 et
284 1599 363 1661 tepidi
377 1606 514 1647 tremerent
526 1598 573 1645 sub
588 1599 706 1647 dentibus
720 1608 798 1648 artus.

99 1686 169 1734 haud
182 1687 279 1749 inpune
293 1689 413 1750 quidcm;
435 1703 481 1737 neo
495 1688 559 1735 talia
571 1702 661 1750 passus
674 1688 763 1736 Ulixes

100 1774 226 1823 oblitusve
239 1776 277 1823 sui
292 1783 329 1823 cst
341 1776 445 1823 Ithacus
459 1776 606 1824 discrimine
620 1783 701 1824 tanto.

47 1868 79 1912 30
99 1878 159 1911 nam
173 1864 249 1911 simul
264 1864 380 1925 expletus
395 1864 503 1926 dapibus
516 1865 628 1926 vinoque
641 1867 757 1928 sepultus

98 1953 222 2000 cervicem
236 1953 358 2000 inflexam
371 1952 458 2013 posuit
471 1953 601 2015 iacuitque
614 1968 660 2016 per
673 1962 775 2001 antrum

97 2040 238 2099 inmensus,
255 2041 353 2088 saniem
367 2048 486 2089 eructans
499 2049 524 2089 et
536 2042 617 2090 frusta
631 2051 737 2090 cruento

97 2142 143 2191 per
156 2144 276 2177 somnum
290 2129 430 2177 commixta
443 2145 529 2189 merc,
545 2145 602 2189 nos,
618 2145 714 2192 magna
727 2131 825 2193 precati

96 2218 205 2265 numina
217 2219 351 2281 sortitique
365 2219 441 2274 vices,
457 2232 510 2266 una
522 2219 637 2282 undique
651 2220 748 2267 circum

47 2311 76 2354 35
96 2306 229 2354 fundimur
242 2316 267 2354 ct
279 2308 331 2355 telo
344 2308 431 2355 lumen
445 2308 602 2355 terebramus
616 2314 700 2365 acuto,

96 2394 197 2456 ingens,
214 2396 283 2457 quod
297 2403 370 2443 torva
382 2396 467 2443 solum
481 2397 527 2444 sub
541 2397 625 2444 fronte
639 2396 744 2455 latebat,

95 2483 214 2544 Argolici
229 2484 305 2546 clipei
319 2491 363 2530 aut
375 2483 511 2533 Phoebeae
524 2486 652 2547 lampadis
665 2486 755 2544 inst-ar,

96 2578 121 2620 et
133 2572 238 2619 tandem
251 2573 313 2620 laeti
326 2573 456 2620 sociorum
469 2573 618 2642 ulciscimur
631 2573 744 2622 umbras.

95 2660 140 2708 sed
154 2660 247 2721 fugito,
271 2675 286 2708 o
300 2661 401 2721 miseri,
417 2661 500 2726 sugite
513 2669 594 2727 atquc
607 2662 641 2712 ab
651 2662 849 2710 litorelunem
