1816 2956
65 163 121 212 120
299 172 325 210 1².
342 170 464 214 araneum
482 169 612 211 naaorns

129 336 180 389 stat
192 329 339 387 lacrimans,
355 334 383 380 et,
392 333 417 376 te
430 328 560 378 crudelem
573 329 679 378 nomine
692 317 771 376 dicit'

131 418 191 466 huic
203 432 325 480 percussa
337 431 404 465 nova
415 424 527 465 mentem
540 417 677 466 formidine
690 427 769 465 mater

127 496 197 565 ‘aue
213 520 270 567 age,
286 507 336 553 duc
349 505 381 552 aa
395 519 458 564 n0s;
478 505 517 557 as
530 505 569 554 ain
583 506 674 554 limana
687 506 773 554 nvom

131 586 244 656 tangere'
258 594 306 642 sit:
327 593 404 641 simul
417 594 470 640 alta
481 593 552 640 iubet
565 594 695 640 discedere
707 593 758 639 late

61 688 112 732 360
131 683 246 742 flumina,
262 697 314 744 qua
325 681 424 729 iuvenis
435 695 538 742 gressus
551 680 663 729 inferret.
691 687 717 728 at
729 678 804 725 illum

132 776 236 829 curvata
248 770 275 818 in
288 770 382 819 montis
396 769 488 823 facicm
501 769 667 817 circumstetit
678 767 748 815 unda

132 859 281 921 accepitque
294 859 351 906 siuu
364 864 436 906 vasto
449 857 570 920 misitque
582 857 628 905 sub
642 871 754 905 amnem.

131 948 235 1010 iamque
248 947 353 996 domum
366 947 462 994 mirans
475 945 611 1007 genetricis
630 951 655 993 et
672 944 761 992 umida
778 958 804 992 re

132 1036 313 1100 speluncisque
326 1037 398 1084 lacus
411 1035 513 1084 clausos
526 1034 649 1095 lucosque
663 1033 779 1081 sonantis

62 1128 112 1172 365
132 1124 187 1185 ibat
199 1131 225 1174 et
236 1124 334 1186 ingenti
348 1131 419 1171 motu
432 1121 589 1185 stupefactus
602 1137 728 1183 aquarum

133 1214 221 1263 omnia
232 1191 278 1260 suh
292 1226 389 1274 magna
401 1211 515 1260 labentia
526 1210 633 1260 flumina
645 1218 713 1259 terra

132 1300 264 1364 spectabat
277 1300 376 1349 diversa
388 1299 461 1358 locis,
477 1299 633 1361 Phasimque
646 1299 797 1361 Lycumque

133 1397 158 1438 et
171 1396 249 1452 caput
260 1389 328 1437 unde
341 1388 409 1437 altus
421 1388 532 1451 primum
544 1401 571 1436 se
585 1389 694 1451 erumpit
706 1388 804 1449 Enipea

132 1478 202 1526 unde
214 1485 287 1540 pater
299 1476 436 1525 Tiberinus
450 1483 475 1525 et
487 1477 556 1526 unde
568 1477 672 1525 Aniena
683 1477 780 1524 fluenta

63 1570 114 1615 370
133 1580 292 1628 saxosusque
305 1580 400 1613 sonans
414 1565 529 1627 Hypanis
542 1566 681 1628 Mysusque
694 1564 789 1613 Caicus

134 1662 159 1703 et
170 1654 274 1715 gemina
287 1660 390 1701 auratus
404 1654 505 1702 taurino
520 1668 617 1703 cornua
629 1654 700 1702 voltu

132 1742 270 1802 Eridanus,
287 1756 338 1804 quo
352 1755 403 1788 uon
418 1742 484 1789 alius
498 1757 543 1804 per·
557 1743 665 1805 pinguia
677 1742 748 1790 culta

133 1831 160 1878 in
173 1845 243 1891 mare
257 1844 413 1893 purpureum
425 1830 562 1878 violentior·
575 1831 656 1879 effluit
668 1831 760 1878 amnis.

133 1927 270 1983 postquam
283 1927 321 1968 est
333 1919 360 1966 in
374 1918 479 1967 thalami
494 1919 631 1983 pendentia
645 1919 746 1980 pumice
761 1928 804 1967 tec*

64 2012 113 2058 375
134 2015 283 2071 perventum
295 2015 320 2056 et
333 2008 386 2055 uati
399 2008 472 2055 flotus
486 2008 607 2069 cognovit
619 2008 703 2055 inanis

135 2096 243 2159 Cyrene,
258 2096 377 2144 munibus
391 2095 503 2158 liquidos
517 2096 580 2143 duint
593 2097 682 2144 ordine
696 2096 774 2144 fontis

134 2199 272 2247 germanae
285 2185 418 2247 tonsisque
431 2185 515 2232 feriunt
528 2185 741 2243 manteliavillis,

134 2289 193 2337 pars
206 2273 288 2336 epulis
302 2281 411 2322 onerant
423 2288 523 2321 mensas
537 2281 562 2322 et
575 2275 652 2335 plena
665 2282 795 2336 reponunt

134 2362 237 2426 poeula,
253 2361 395 2410 Panchaeis
409 2362 561 2410 redolescunt
573 2361 676 2424 ignibus
691 2376 760 2420 arae,

65 2456 115 2499 380
135 2458 160 2499 et
172 2457 253 2499 mater
263 2440 337 2513 tcape
351 2450 464 2498 Maeonii
478 2450 610 2501 carchesia
622 2450 733 2498 Bacchi:

136 2540 240 2588 Oceano
254 2531 369 2588 libemus‘
383 2540 432 2588 ait:
454 2540 530 2588 simul
544 2539 601 2601 ipsa
614 2546 733 2601 precatur

136 2627 320 2693 Oceanumque
334 2635 433 2693 patrem
445 2643 531 2677 rerum
542 2628 720 2691 nymphasque
731 2642 804 2677 soror
