1816 2956
128 197 155 234 P.
172 195 261 235 VERG.
278 195 350 234 ΜΔΕ.
369 195 518 235 AENEIDOS
536 196 624 234 LIBER
640 196 680 234 1v.
743 186 804 233 221

76 354 216 415 degeneres
230 352 329 400 animos
343 352 421 399 timor
433 353 527 414 arguit.
555 353 605 401 heu
619 353 712 415 quibus
726 353 771 401 illo

75 442 186 490 iactatus
200 441 273 488 fatis!
295 455 362 502 quae
374 440 444 489 bella
456 442 582 490 exhausta
595 441 717 490 canebat!

29 536 55 580 15
77 531 99 578 si
112 529 175 578 mihi
190 544 242 577 non
255 529 343 577 animo
356 529 436 576 fixum
448 529 627 592 immotumque
640 529 741 578 sederet

76 619 152 668 necui
164 632 206 667 me
218 619 303 666 vinclo
316 619 409 666 vellem
423 618 522 667 sociare
534 618 616 680 iugali

76 715 215 772 postquam
228 707 324 769 primus
338 722 410 754 amor
424 708 556 770 deceptam
569 713 651 754 morte
664 706 763 766 fefellit,

78 797 165 844 sinon
179 803 325 859 pertaesum
338 795 446 845 thalami
459 797 602 858 taedaeque
615 795 712 853 luisset,

78 885 139 933 huic
152 885 197 931 uni
210 883 298 932 forsan
313 884 385 946 potui
399 885 566 934 succumbere
579 886 679 947 culpae.

29 980 57 1025 to
76 975 165 1032 Anne,
180 972 281 1020 fatebor
293 973 371 1031 enim,
387 974 472 1021 miseri
486 981 544 1036 post
556 973 609 1021 fata
622 971 729 1034 Sychaei

77 1062 195 1124 coniugis
209 1069 235 1109 et
247 1076 350 1123 sparsos
363 1061 476 1110 fraterna
489 1063 567 1109 caede
580 1068 685 1123 penates

77 1152 148 1200 solus
161 1151 204 1199 hic
216 1150 315 1199 inflexit
328 1165 417 1198 sensus
431 1151 597 1212 animumque
610 1149 741 1198 labantem

76 1239 180 1302 inpulit.
209 1240 340 1300 adgnosco
354 1240 444 1288 vetoris
458 1239 565 1301 vestigia
576 1239 704 1287 flammae.

76 1328 121 1376 sed
135 1328 199 1376 mihi
213 1329 251 1376 vel
266 1328 342 1376 tellus
356 1335 443 1390 optem
455 1328 525 1391 prius
538 1329 591 1375 ima
604 1328 720 1376 dehiscat

29 1422 55 1465 25
75 1417 117 1465 vel
129 1425 202 1480 peter
214 1417 376 1479 omnipotens
389 1417 477 1478 adigat
488 1431 529 1465 me
536 1417 643 1466 fulmine
651 1418 683 1464 ad
692 1416 805 1476 umbras,

76 1506 204 1569 pallentes
217 1505 321 1553 umbras
334 1505 410 1553 Erebi
424 1512 579 1568 noctemque
591 1505 756 1568 profundam,

75 1601 143 1654 ante,
159 1595 252 1657 pudor,
268 1610 347 1657 quam
359 1602 383 1642 te
396 1595 465 1642 violo
479 1601 523 1641 aut
536 1601 580 1641 tua
592 1594 649 1641 iura
661 1595 770 1642 resolvo.

76 1683 121 1732 ille
134 1698 213 1742 meos,
229 1684 326 1746 primus
340 1683 383 1745 qui
396 1698 437 1731 me
451 1683 499 1731 sibi
513 1683 605 1741 iunxit,
622 1697 722 1731 amores

77 1771 200 1832 abstulit3
221 1772 266 1820 ille
279 1772 373 1820 habeat
385 1787 472 1820 secum
485 1779 618 1832 servetque
631 1763 789 1833 sepulchro.'

29 1866 56 1909 30
76 1860 114 1909 sic
127 1861 205 1909 effata
217 1861 303 1909 sinum
316 1860 429 1909 lacrimis
442 1860 551 1922 inplevit
563 1858 671 1908 obortis,

111 1951 190 1999 Anna
203 1950 280 1998 refert
289 1940 316 1997 ‘o
331 1951 387 1997 luce
400 1949 483 2010 magis
497 1948 591 1996 dilecta
604 1949 696 2008 sorori,

75 2038 166 2087 solane
179 2045 303 2101 perpetua
316 2053 432 2086 maerens
447 2052 551 2100 carpere
564 2038 676 2096 iuventa,

75 2141 123 2175 nec
137 2127 219 2175 dulcis
232 2135 316 2185 natos,
332 2126 439 2175 Veneris
452 2141 500 2174 nec
513 2126 628 2188 praemia
640 2127 728 2174 noris?

74 2214 101 2262 id
116 2215 227 2264 cinerem
241 2223 286 2262 eut
298 2230 386 2263 manes
400 2215 482 2263 credis
496 2230 585 2264 curare
597 2215 730 2278 sepultos?

29 2307 55 2351 35
74 2309 146 2351 esto:
168 2318 273 2365 aegram
286 2304 352 2352 nulli
366 2304 498 2365 quondam
511 2305 604 2353 flexere
617 2304 712 2362 mariti,

75 2407 130 2440 non
142 2392 249 2455 Libyae,
265 2407 318 2440 non
332 2400 392 2440 ente
404 2392 489 2453 Tyr03
510 2393 645 2455 despectus
658 2393 746 2454 lorbas

75 2482 247 2543 ductoresque
261 2481 305 2528 alii
318 2495 384 2544 quos
397 2481 487 2530 Africa
500 2489 568 2530 terra
580 2481 717 2544 triumphis

75 2570 146 2617 dives
160 2571 218 2617 alit:
240 2570 371 2632 placitone
384 2569 462 2618 etiam
475 2570 603 2632 pugnabis
616 2569 716 2617 amorii

74 2672 124 2706 nec
136 2658 244 2706 venitin
257 2664 369 2706 mentem
383 2673 497 2722 quorum
510 2659 663 2709 consedente
675 2657 765 2706 arrie't
