1816 2956
291 201 439 240 AENEIDOS
457 202 544 240 LIBER
561 202 623 240 vm.
792 195 850 240 371

126 358 195 404 urbis
209 358 347 419 Agyllinae
361 359 442 416 sedes,
458 358 502 405 ubi
516 357 599 419 Lydia
613 359 744 420 quondam

55 451 106 493 480
128 461 200 507 gens,
217 446 285 494 bello
299 447 441 509 praeclara,
457 447 523 507 iugis
537 447 631 494 insedit
644 447 765 496 Etruscis.

127 535 194 583 hanc
207 536 302 583 multos
315 536 448 583 florentem
461 549 543 583 annos
556 548 601 582 rex
615 535 707 584 deinde
721 537 831 599 superbo

127 624 235 686 imperio
250 631 275 671 et
287 625 368 671 saevis
383 624 464 671 tenuit
476 623 617 671 Mezentius
629 624 716 671 armis.

128 713 189 774 quid
202 727 343 760 memorem
356 711 476 759 infandas
486 713 586 770 caedes,
603 711 664 774 quid
678 712 746 760 facta
753 714 855 775 tyranni

127 801 222 849 effera?
242 802 266 848 di
282 801 359 862 capiti
373 800 452 862 ipsius
466 801 605 863 generique
618 801 759 848 reservent!

55 895 105 936 485
127 897 228 935 mortua
241 889 303 950 quin
317 889 395 937 etiam
408 888 531 949 iungebat
544 903 653 950 corpora
665 888 738 947 vivis,

128 991 276 1037 conponens
291 976 462 1037 manibusque
474 991 565 1023 manus
579 984 656 1038 atquc
670 977 757 1024 oribus
771 992 825 1036 ora,

130 1065 250 1111 tormenti
264 1079 355 1124 genus,
372 1071 396 1111 et
408 1064 480 1111 sanie
493 1063 605 1126 taboque
617 1065 724 1112 fluentes

129 1153 257 1214 conplexu
271 1153 298 1198 in
312 1152 404 1199 misero
418 1153 497 1213 longa
510 1152 547 1199 sic
560 1161 642 1200 morte
655 1153 772 1201 necabat.

128 1248 154 1288 at
167 1240 224 1288 fessi
240 1241 343 1288 tandem
357 1240 423 1287 cives
436 1239 545 1287 infanda
558 1241 684 1288 furentem

56 1335 107 1376 490
128 1329 218 1376 armati
234 1330 424 1377 circumsistunt
436 1329 572 1391 ipsumque
586 1330 752 1393 domumque,

129 1418 284 1466 obtruncant
296 1417 390 1475 socios,
405 1417 493 1478 ignem
506 1417 538 1464 ad
552 1418 656 1478 fastigia
669 1419 767 1468 iactant

127 1508 171 1554 ille
185 1507 251 1553 inter
265 1507 369 1554 eaedem
383 1505 537 1553 Rutulorum
551 1506 654 1567 elapsus
667 1507 694 1554 in
707 1522 784 1569 agros

128 1595 266 1656 confugere
279 1602 304 1642 et
317 1594 397 1641 Turni
412 1594 543 1642 defendier
556 1594 664 1656 hospitis
678 1597 763 1644 armis.

127 1698 188 1745 ergo
203 1684 286 1730 omnis
300 1683 372 1730 furiis
386 1683 496 1730 surrexit
508 1682 611 1729 Etruria
623 1683 705 1742 iustis,

55 1777 106 1819 495
127 1787 214 1833 regem
227 1773 259 1818 ad
273 1771 428 1833 supplicium
441 1771 568 1833 praesenti
581 1771 664 1818 Marte
677 1781 824 1834 reposcunt.

129 1861 168 1908 his
183 1875 230 1921 ego
245 1867 278 1918 te,
293 1860 392 1918 Aenea,
409 1860 541 1906 ductorem
553 1859 657 1907 milibus
671 1861 773 1908 addam.

126 1957 179 1996 toto
193 1963 305 2010 namque
319 1947 431 1995 fromunt
443 1947 676 2001 condensaelitore
689 1964 797 2012 puppes,

126 2038 253 2100 signaque
273 2037 337 2084 serre
357 2035 460 2084 iubent:
488 2036 580 2083 retinet
605 2036 744 2097 longaevos
764 2037 854 2085 harus·

427 2139 477 2187 pex

129 2214 182 2261 fata
195 2227 299 2271 canens,
312 2203 338 2259 ‘0
351 2213 488 2261 Maeoniae
502 2212 601 2260 delecta
613 2213 739 2272 iuventus,

56 2308 105 2350 500
125 2303 171 2349 flos
185 2309 298 2349 veterum
311 2301 441 2363 virtusque
458 2301 554 2360 virum,
577 2315 641 2362 quos
661 2301 742 2349 iustus
761 2303 788 2349 in
807 2303 854 2350 ho·

426 2398 490 2438 stem

125 2479 174 2527 fert
186 2478 261 2526 dolor
275 2484 300 2526 et
312 2478 402 2526 merita
415 2477 534 2526 accendit
546 2477 693 2526 Mezentius
703 2477 760 2532 ira,

121 2567 188 2612 nulli
199 2566 237 2613 fas
248 2566 316 2613 Italo
331 2573 433 2615 tantam
446 2568 614 2631 subiungere
627 2573 745 2629 gentem
752 2575 762 2604 ·.

107 2657 228 2698 externos
242 2661 333 2715 optate
349 2651 455 2707 duces?
483 2667 546 2708 turn
560 2659 694 2706 nrt-usca
703 2643 821 2696 resedit

673 2736 694 2779 ,Ζ
705 2723 744 2774 ΨΥ·
851 2731 853 2734 ’
