1816 2956
65 167 125 216 284
302 178 328 217 r.
351 177 617 218 vnao1u1uanonrs

132 334 224 383 Delius
237 334 346 397 inspirat
357 342 427 382 vates
441 335 573 398 aperitque
586 335 681 382 sutura.

133 423 186 471 iam
199 423 309 472 subeunt
321 423 424 471 Triviae
437 424 509 472 lneos
523 432 600 486 atque
613 438 691 471 aurea
703 429 779 470 tecta.

168 512 311 571 Daedalus,
327 519 355 560 ut
367 512 437 580 sama
449 520 495 572 est,
510 511 611 574 fugiens
624 512 722 559 Minoia
735 526 825 572 regna,

84 604 114 647 15
135 599 298 662 praepetibus
312 602 397 664 pinnis
411 616 487 649 ausus
500 616 527 649 se
541 602 643 649 credere
657 601 738 659 caelo,

134 689 263 737 insuetum
276 705 322 753 per
334 690 382 738 iter
394 690 494 751 gelidas
508 691 592 738 enavit
605 691 638 736 ad
652 698 736 736 arctos

135 777 338 840 Chalcidicaque
350 779 412 826 levis
426 779 530 826 tandem
543 793 619 841 super
632 779 730 826 adstitit
743 792 810 826 aree.

135 867 249 915 redditus
262 867 301 914 his
315 868 426 930 primum
439 868 511 915 terris
525 868 579 926 tibi,
596 867 709 926 Phoebe,
725 867 836 914 sacravit

135 957 271 1018 remigium
284 957 384 1004 alarum
398 957 533 1019 posuitque
548 957 664 1003 inmania
676 956 783 1017 templa.

84 1048 116 1091 ‘20
136 1044 163 1091 in
181 1045 278 1092 loribus
296 1045 376 1093 letum
389 1046 546 1107 Androge03
567 1053 621 1093 tum
639 1045 750 1107 pendere
768 1059 865 1107 poenas

138 1131 297 1196 Cecropidae
310 1134 373 1181 iussi
386 1135 531 1197 (miserum)
545 1143 652 1196 septena
665 1140 728 1196 quot
741 1133 815 1180 annis

138 1236 247 1285 corpora
260 1231 396 1283 natorum
417 1231 467 1271 stat
479 1224 562 1271 ductis
576 1222 686 1270 sortibus
700 1236 774 1270 urna.

137 1317 228 1359 contra
240 1313 308 1360 elata
321 1313 385 1360 mari
398 1313 537 1375 respondet
550 1311 648 1360 Gnosia
661 1311 752 1358 tellus:

136 1399 179 1448 hie
192 1400 303 1449 erudelis
318 1416 390 1448 amor
403 1402 468 1449 tauri
482 1410 656 1463 suppostaque
669 1400 737 1447 furto

85 1492 117 1535 25
137 1488 265 1550 Pasiphae
278 1490 438 1552 mixtumque
451 1505 532 1552 genus
546 1491 684 1552 prolesque
697 1487 813 1534 biformis

137 1578 299 1626 Minotaurus
312 1579 387 1636 inest,
403 1579 510 1626 Veneris
524 1585 691 1625 monumenta
705 1576 848 1634 nefandae3

138 1665 181 1714 hie
194 1667 268 1714 labor
280 1668 325 1715 ille
339 1669 429 1715 domus
443 1677 468 1716 et
480 1667 666 1716 inextricabilis
680 1680 766 1724 err0r;

138 1770 262 1816 magnum
275 1757 380 1817 reginae
393 1757 437 1804 sed
451 1757 520 1804 enim
533 1757 667 1804 miseratus
682 1768 796 1802 amorem

138 1844 271 1894 Daedalus
284 1846 339 1908 ipse
352 1845 426 1893 dolos
440 1846 497 1893 teeti
513 1845 685 1906 ambagesque
699 1842 811 1901 resolvit,

86 1938 119 1980 30
140 1949 217 1982 caeca
230 1949 320 1995 regens
334 1935 378 1982 lilo
391 1934 506 1995 vestigia.
535 1941 562 1980 tu
576 1946 679 1995 quoque
692 1946 815 1991 magnam

140 2031 239 2085 partem
252 2038 328 2085 opere
342 2023 368 2070 in
381 2029 468 2081 tanto,
490 2023 585 2070 sineret
604 2022 693 2078 dolor,
714 2019 802 2078 Ieare,
825 2019 870 2067 ha·

441 2110 521 2159 beres.

140 2201 179 2248 bis
193 2210 301 2250 conatus
314 2209 369 2250 erat
382 2216 454 2249 casus
469 2201 590 2261 effingere
602 2199 629 2246 in
643 2212 715 2255 auro,

141 2290 179 2338 bis
193 2291 291 2353 patriae
304 2291 419 2338 cecidere
431 2304 532 2336 manus.
567 2288 628 2350 quin
648 2287 763 2349 protinus
782 2286 872 2334 omnia

140 2379 302 2442 perlegerent
314 2379 405 2436 oeulis,
422 2378 447 2424 ni
461 2378 513 2425 iam
526 2376 680 2439 praemissus
694 2375 808 2423 Achates

77 2472 114 2515 35
132 2468 240 2519 adforet
251 2477 331 2535 atque
345 2483 398 2518 una
411 2466 512 2517 Phoebi
523 2465 677 2526 Triuiaeque
690 2464 821 2522 sacerdos,

115 2557 268 2626 Deiphobe
283 2561 394 2625 Glauci,
411 2561 483 2612 latur
499 2573 569 2623 qnae
581 2552 724 2610 taliareqx.

104 2637 174 2704 ‘non
189 2655 248 2708 hoc
263 2659 322 2710 ista
337 2659 392 2710 sibi
408 2665 525 2722 tempus
539 2642 699 2714 speetaeula
708 2633 811 2697 posen:
