1816 2956
297 189 467 231 enouercou
484 190 572 230 arnan
588 190 619 232 rr.
820 181 856 231 69

128 349 209 397 saltus
222 355 247 397 et
259 348 339 397 saturi
352 349 432 411 petito
446 347 591 410 longinqua
603 347 709 396 Tarenti

128 446 154 486 et
166 439 271 500 qualem
282 437 374 486 infelix
388 437 475 485 amisit
486 436 594 484 Mantua
607 451 735 499 campum,

127 533 276 590 pascentem
288 526 376 575 niveos
389 525 500 575 herboso
513 525 618 573 flumine
632 539 742 588 cycnos:

56 621 108 665 200
129 629 182 663 non
195 615 287 677 liquidi
301 614 423 677 gregibus
436 614 535 674 fontes,
556 629 609 662 non
623 615 742 676 gramina
756 617 857 676 derunt,

129 711 155 753 et
167 711 293 767 quantum
306 704 392 767 longis
404 711 511 766 carpent
524 709 640 751 armenta
653 704 751 764 diebus,

129 794 224 856 exigna
236 801 336 842 tantum
349 794 450 856 gelidus
463 808 505 841 ros
518 800 594 841 nocte
606 800 722 855 reponet.

128 883 205 944 nigra
218 882 270 931 fere
283 889 308 931 et
320 897 410 945 presso
423 883 527 945 pinguis
541 881 588 930 sub
601 895 704 930 vomere
717 888 784 930 terra

130 979 155 1019 et
168 972 209 1019 cui
222 978 295 1033 putre
309 972 394 1019 solum
407 971 588 1035 (namquchec
598 969 857 1034 imitamurarando)‚

57 1066 109 1109 205
130 1061 229 1123 optima
242 1061 389 1109 frumentis:
405 1074 458 1108 non
471 1060 527 1108 ullo
541 1075 573 1108 ex
586 1073 698 1122 aequore
712 1074 800 1108 cernes

129 1148 206 1212 plura
218 1150 324 1197 domum
337 1150 416 1197 tardis
430 1149 553 1198 decedere
566 1150 682 1212 plaustra
694 1148 821 1196 iuvencis:

130 1246 175 1287 aut
188 1239 256 1287 unde
268 1239 349 1286 iratus
363 1239 454 1286 silvam
468 1238 569 1286 devexit
581 1245 667 1285 arator

130 1335 156 1376 et
168 1342 275 1376 nemora
288 1327 377 1375 evertit
389 1327 484 1375 multos
496 1326 591 1388 ignava
603 1341 650 1388 per
663 1341 744 1374 annos

131 1417 303 1479 antiquasque
317 1417 407 1464 domos
420 1416 505 1463 avium
518 1429 577 1462 cum
590 1415 711 1478 stirpibus
724 1415 783 1463 imis

57 1512 111 1554 210
131 1506 213 1565 eruit3
233 1505 294 1553 illae
308 1505 389 1552 altum
402 1504 470 1552 nidis
484 1503 580 1566 petiere
593 1504 698 1562 relictis,

131 1602 158 1642 at
170 1594 240 1642 rudis
253 1594 345 1642 enituit
356 1594 460 1656 inpulso
473 1607 575 1641 vomere
589 1608 703 1656 campus.

131 1697 193 1730 nam
205 1682 293 1730 ieiuna
305 1682 410 1744 quidem
424 1681 512 1730 clivosi
525 1682 616 1743 glarea
628 1682 694 1730 ruris

131 1771 173 1818 vix
185 1770 290 1819 humilis
305 1770 396 1833 apibus
410 1771 492 1818 casias
505 1785 642 1834 roremque
655 1771 792 1830 ministrat,

131 1866 156 1907 et
169 1859 263 1922 tophus
276 1858 367 1907 scaber
379 1867 405 1908 et
417 1859 497 1921 nigris
511 1874 588 1908 exesa
601 1859 729 1922 chelydris

55 1953 109 1997 215
130 1955 200 1996 creta
212 1954 310 2010 negant
322 1948 389 1996 alios
402 1962 484 2010 aeque
497 1948 658 2011 serpentibus
672 1963 748 2010 agros

131 2037 233 2086 dulcem
246 2037 311 2085 ferre
325 2036 411 2085 cibum
425 2044 450 2085 et
462 2052 552 2085 curvas
565 2037 688 2099 praebere
701 2037 821 2086 latebras.

130 2141 196 2190 qnae
209 2133 312 2175 tenuem
330 2125 435 2174 exhalat
452 2125 573 2174 nebulam
590 2127 726 2190 fumosque
745 2127 860 2177 volucres

129 2223 155 2263 et
167 2214 233 2262 bibit
244 2229 361 2263 umorem
374 2221 400 2263 et
413 2230 471 2263 cum
485 2217 539 2264 volt
552 2231 583 2264 ex
596 2231 623 2265 se
636 2216 693 2279 ipsa
705 2217 812 2265 remittit

129 2317 248 2367 quaeque
261 2318 308 2351 sno
321 2318 423 2366 semper
435 2304 523 2352 viridis
536 2320 563 2353 se
576 2306 693 2366 gramine
706 2307 782 2355 vestit

55 2399 108 2442 220
129 2407 177 2441 nec
190 2392 276 2441 scabie
290 2399 316 2440 et
327 2393 396 2440 salsa
410 2393 490 2441 laedit
503 2393 620 2455 robigine
633 2395 739 2454 serrum,

127 2482 176 2530 illa
188 2481 232 2528 tibi
245 2482 320 2529 laetis
331 2482 431 2532 intexet
443 2483 538 2536 vitibus
551 2486 654 2549 ulmos,

113 2569 160 2612 illa
172 2567 247 2614 ferm
258 2571 318 2617 oleo
332 2580 378 2633 est,
398 2575 477 2628 illam
493 2582 642 2648 experiere
658 2578 782 2632 colende

98 2656 126 2694 et
134 2650 240 2701 ducilem
251 2663 350 2719 pecori
362 2674 393 2716 et
407 2677 576 2736 patientem
590 2674 724 2727 vomeris
738 2666 827 2719 unc'r·
