1816 2956
314 216 462 257 nunninos
480 217 568 257 menn
583 218 615 258 x.
802 211 860 260 437

139 376 262 424 sollicitas
277 389 381 437 aegram
395 383 420 423 et
433 382 477 425 tua
490 375 572 424 tristia
585 375 655 423 iussa
668 377 818 425 timentem?

137 465 157 511 si
177 464 240 511 mihi
260 479 327 526 quae
346 465 478 527 quondam
497 464 580 513 fuerat
599 480 728 529 quamque
747 481 802 516 esse
822 467 864 515 de-

437 553 512 601 cebet

136 641 172 688 vis
186 642 213 689 in
227 655 313 690 amore
326 641 401 701 soret,
417 656 470 689 non
483 642 533 690 hoc
546 641 609 690 mihi
623 656 735 706 namque
743 657 861 706 negares,

66 736 115 778 615
136 731 309 793 omnipotens,
326 731 387 793 quin
402 738 427 779 et
439 745 542 794 pugnae
556 731 699 781 subducere
711 731 828 780 Turnum

136 826 160 867 et
172 820 267 866 Dauno
280 834 383 882 possem
396 820 551 868 incolumem
566 835 666 870 servare
681 821 790 884 parenti.

135 923 203 955 nnnc
221 917 309 971 pereat
322 909 479 971 Teucrisque
498 908 542 972 pio
560 910 603 958 det
615 909 742 971 sunguine
754 924 860 973 poenas.

135 996 179 1044 ille
193 1004 278 1045 tamen
291 1005 380 1044 nostru
393 997 497 1045 deducit
510 999 609 1060 origine
623 1013 726 1058 nomen,
748 1024 755 1043 ε

134 1085 320 1148 Pilumnusque
334 1086 371 1133 ilii
387 1093 492 1149 quartus
506 1094 587 1150 pater,
603 1095 628 1135 et
641 1094 685 1136 tue
697 1088 771 1150 largo

64 1180 115 1222 620
135 1189 211 1236 saepe
224 1189 301 1222 mann
315 1175 454 1236 multisque
468 1176 583 1223 oneravit
595 1177 687 1225 iimina
699 1167 793 1225 donis?

135 1265 174 1311 cni
188 1279 233 1311 rex
246 1264 353 1313 aetherii
367 1263 475 1312 breviter
488 1265 525 1312 sic
538 1264 604 1313 fatus
619 1264 731 1328 Olympi.

133 1352 162 1399 ‘si
176 1368 249 1401 mora
262 1352 403 1415 praesentis
417 1352 460 1400 leti
476 1359 627 1417 tempusque
641 1355 739 1403 caduco

133 1448 221 1489 oretur
233 1441 316 1489 iuveni
331 1456 424 1503 meque
437 1442 487 1490 hoc
499 1442 536 1490 ita
549 1458 645 1506 ponere
658 1444 746 1502 sentis,

133 1531 195 1578 tolle
209 1531 270 1592 suga
283 1531 399 1577 Turnum
413 1538 490 1592 utque
504 1532 658 1580 instantibus
672 1533 741 1595 eripe
755 1532 822 1580 fatis.

62 1621 111 1663 625
132 1618 256 1666 hactenus
270 1619 408 1667 indulsisse
421 1628 502 1668 vacat.
531 1621 570 1668 sin
583 1621 660 1668 altior
672 1620 727 1668 istis

132 1707 178 1753 snb
192 1707 309 1769 precibus
324 1708 398 1755 venia
410 1708 465 1756 ulla
478 1710 540 1757 latet
553 1715 686 1771 totumque
698 1709 794 1757 moveri

130 1797 253 1842 mutarive
267 1803 341 1858 putus
355 1795 461 1854 bellum,
477 1812 534 1860 spes
548 1798 632 1860 pascis
645 1789 748 1846 inanis.³

131 1890 155 1930 et
168 1883 233 1930 Iuno
247 1884 418 1931 adlucnimans
429 1873 511 1946 ‘quid‚
527 1887 548 1933 si
562 1901 628 1948 quae
641 1901 703 1936 voce
716 1887 831 1949 graveris

131 1978 215 2019 mente
234 1973 307 2019 dures
326 1979 402 2034 utque
416 1972 479 2021 haee
492 1973 585 2022 Turno·
595 1983 651 2023 rata
664 1976 715 2024 vit-u
728 1976 859 2024 muneret?

59 2065 110 2108 6³0
130 2075 198 2108 nnnc
211 2067 298 2108 munet
310 2061 438 2108 insontem
452 2063 535 2122 gravis
550 2064 642 2124 exitus,
657 2071 703 2113 aut
715 2078 763 2127 ego
776 2065 829 2113 veri

129 2164 195 2197 vena
209 2149 285 2197 feror.
302 2150 370 2212 quod
385 2157 413 2196 nt
426 2165 440 2197 o
454 2150 540 2212 potius
553 2151 691 2201 formidine
703 2153 770 2202 sulse

130 2238 205 2285 iudnr
218 2239 280 2286 etin
295 2239 386 2287 melius
400 2245 452 2297 tua,
470 2239 513 2301 qui
527 2248 609 2303 potes,
626 2255 684 2290 orsu
696 2243 810 2291 reflectas
819 2234 835 2291 !'

129 2328 193 2375 haec
207 2327 249 2374 ubi
265 2327 333 2375 diota
348 2327 426 2385 dedit,
443 2328 514 2376 caelo
529 2343 556 2377 se
568 2330 684 2392 protinus
698 2331 750 2378 ulto

128 2416 205 2473 misit,
222 2431 301 2477 agens
316 2416 427 2464 hiemem
440 2417 528 2464 nimbo
542 2419 673 2468 succincta
686 2434 731 2482 per
745 2435 829 2478 auras,

56 2509 107 2552 635
127 2505 286 2567 iliacamquo
300 2505 382 2552 aciem
395 2512 420 2553 et
432 2505 574 2556 Laurentio
586 2514 675 2555 custtu
684 2507 791 2567 nedum.

123 2601 175 2638 tum
190 2595 238 2640 deu
251 2594 320 2643 nube
334 2611 399 2644 cava
412 2603 522 2646 tenuem
536 2597 596 2646 sine
609 2595 718 2643 vinicus
727 2587 865 2636 uniffiffi
895 2623 898 2627 -

105 2678 133 2724 in
147 2680 243 2730 faeiem
255 2684 371 2737 Aeneae
388 2688 463 2754 (visu
479 2689 616 2740 mirubiie
628 2668 816 2733 momentum}
