1816 2956
65 171 122 218 110
298 180 325 219 Ρ.
341 179 464 219 vultum
483 179 615 221 motus

131 337 196 385 alter
209 337 257 384 erit
269 337 379 385 maculis
392 351 456 385 auro
469 336 647 399 squalentibus
660 339 762 386 ardens.

130 440 191 472 nam
204 426 256 472 duo
269 432 330 473 sunt
340 439 451 487 genera:
472 425 515 473 hic
527 426 633 485 melior,
654 427 762 489 insignis
777 435 802 475 et
814 441 848 475 or<

65 543 68 549 ·
130 521 156 563 et
167 513 253 562 rutilis
265 514 350 562 clarus
362 514 492 576 squamis3
512 515 557 563 ille
570 508 690 563 horridus
705 517 770 564 alter

131 602 230 651 desidia
242 603 373 665 latamque
387 602 490 651 trahens
503 603 630 665 inglorius
644 605 738 652 alvom.

78 697 110 741 95
131 698 159 739 ut
171 691 248 740 binae
261 705 352 753 regum
364 691 451 750 facies,
466 692 503 740 ita
517 707 626 755 corpora
639 692 730 756 plebis.

130 795 243 843 namque
255 781 322 829 aliae
336 786 421 843 turpes
434 779 548 840 horrent,
564 797 611 830 ceu
623 783 727 844 pulvere
739 782 772 831 ab
787 783 839 830 alto

130 884 189 918 cum
201 869 271 917 venit
283 875 308 918 et
320 869 389 917 sicco
402 876 496 918 terram
509 871 578 933 spuit
590 885 635 918 ore
647 871 729 918 viator

131 958 233 1017 aridus3
252 959 355 1007 elucent
368 958 435 1007 aliae
448 965 473 1006 et
485 958 587 1020 fulgore
599 967 744 1016 coruscant,

131 1047 249 1095 ardentes
263 1061 326 1094 auro
340 1053 365 1094 et
376 1047 481 1109 paribus
495 1048 542 1096 lita
553 1062 662 1110 corpora
674 1047 762 1108 guttis.

62 1141 110 1184 100
129 1136 194 1184 haec
207 1136 293 1198 potior
305 1136 421 1195 suboles,
437 1136 498 1184 hinc
510 1136 576 1184 caeli
589 1143 704 1198 tempore
718 1144 787 1184 certo

130 1225 218 1273 dulcia
230 1225 309 1286 mella
321 1239 434 1287 premes,
455 1239 502 1273 nec
519 1230 619 1272 tantum
632 1224 719 1273 dulcia
732 1231 848 1287 quantun

130 1321 155 1362 et
167 1313 267 1376 liquida
280 1320 305 1362 ct
318 1314 411 1362 durum
422 1313 519 1362 Bacchi
532 1314 662 1362 domitura
674 1328 801 1376 saporem.

165 1402 201 1450 At
214 1417 273 1450 cum
284 1403 386 1451 incerta.
395 1403 483 1450 volant
495 1404 620 1465 caeloque
633 1402 754 1450 examina
765 1402 848 1451 ludun

130 1498 349 1555 contemnuntque
362 1491 433 1539 favos
446 1497 472 1540 et
484 1490 578 1554 frigida
590 1498 658 1539 tecta
670 1490 807 1549 relincunt,

62 1586 109 1629 105
130 1581 257 1629 instabilis
271 1580 372 1628 animos
386 1581 447 1629 ludo
460 1579 607 1642 prohibebis
620 1579 700 1627 inani.

130 1685 177 1718 neo
190 1684 299 1731 maguus
313 1668 450 1732 prohibere
463 1669 551 1716 labor:
572 1676 601 1717 tu
613 1668 717 1730 regibus
731 1669 787 1717 alas

130 1760 216 1822 eripe3
236 1773 289 1806 non
302 1758 355 1806 illis
369 1758 505 1820 quisquam
520 1757 699 1806 cunctantibus
713 1758 795 1806 altum

130 1849 166 1896 ire
179 1834 283 1896 iterant
298 1846 386 1894 casa-is
401 1846 506 1894 audebit
517 1847 612 1895 vellere
625 1847 707 1908 signa.

130 1938 237 1985 invitent
250 1936 347 1984 croceis
360 1935 478 1983 halantes
491 1935 595 1982 floribus
609 1935 676 1983 horti

62 2033 110 2076 110
130 2034 155 2075 01
168 2033 253 2074 custos
266 2025 352 2072 furum
365 2032 441 2086 atque
455 2025 540 2071 avium
554 2040 611 2072 cum
624 2024 690 2073 salcc
704 2024 807 2086 saligna

130 2115 331 2176 Hellespontiaci
344 2119 426 2162 servet
438 2114 519 2161 tutela
532 2113 628 2175 Priapi.

129 2205 184 2267 ipse
197 2203 312 2265 thymum
325 2203 451 2266 pinosque
464 2202 546 2250 ferens
561 2202 592 2249 de
604 2201 734 2249 montibus
748 2201 807 2249 altis

130 2300 198 2341 tecta
210 2299 278 2340 serat
291 2293 342 2340 late
356 2292 452 2339 circum
465 2292 506 2339 cui
519 2291 583 2338 talia
595 2305 680 2349 curae,

130 2383 185 2444 ipse
198 2380 287 2429 labore
299 2395 404 2428 manum
419 2381 483 2428 duro
497 2387 570 2439 terat,
585 2380 640 2442 ipse
654 2379 744 2428 feracis

63 2478 110 2521 115
131 2472 194 2534 ligat
206 2470 284 2517 humo
298 2470 400 2531 plantas
414 2476 439 2517 et
451 2470 548 2518 amicos
561 2469 656 2530 inriget
667 2467 765 2515 imbris.

166 2560 252 2622 Atque
264 2558 393 2621 equidem,
408 2565 521 2607 extremo
534 2555 848 2606 niiamsubtlnelaborun

130 2650 187 2699 vela
200 2648 301 2697 traham
314 2647 423 2696 ottenis
436 2647 554 2696 festinem
567 2647 697 2696 advertere
709 2660 823 2709 proram,
