1816 2956
311 193 432 235 actosa
446 193 498 234 vn.

75 359 102 402 et
115 365 182 416 quae
194 366 238 400 vos
251 365 312 398 rara
324 350 412 398 viridis
424 350 489 412 tegit
501 349 606 399 arbutus
619 349 720 409 umbra,

75 441 215 490 solstitium
227 440 313 504 pecori
328 439 471 488 defendite:
492 440 545 488 iam
557 439 628 487 venit
640 446 723 488 aestas

75 529 182 588 torrida,
198 529 251 576 iam
263 530 332 576 laeto
345 534 449 590 turgent
461 528 487 575 in
501 528 608 590 palmite
620 542 747 590 gemmae.

74 635 98 666 r.
120 618 169 666 Hic
183 617 255 666 focus
269 624 295 666 et
307 617 398 665 taedae
409 617 528 678 pingues,
544 616 586 664 hic
598 616 724 678 plurimus
735 615 803 678 ignis

31 713 55 756 to
75 721 177 769 semper
190 712 215 754 et
227 705 336 753 adsidua
348 712 434 767 postes
447 704 556 765 fuligine
569 705 636 766 nigri
648 722 654 764 3

75 795 118 843 hic
132 801 233 842 tantum
243 794 344 841 Boreae
356 807 476 842 curamus
489 793 586 855 frigora
599 800 724 856 quantum

75 891 121 931 ant
134 897 270 931 numerum
282 883 358 944 lupus
371 889 416 930 aut
428 882 551 930 torrentia
567 881 675 930 flumina
687 882 765 944 ripas.

111 986 137 1020 c.
158 970 234 1020 Stant
247 977 272 1018 et
283 971 393 1033 iuniperi
407 977 433 1019 et
444 978 581 1019 castaneae
594 971 717 1029 hirsutae,

74 1066 156 1109 strata
163 1060 249 1108 iacent
260 1059 356 1122 passim
365 1074 413 1106 sua
422 1073 541 1122 quasque
552 1059 600 1106 sub
612 1059 703 1108 arbore
714 1073 801 1122 poma,

31 1155 54 1199 tt
77 1149 165 1197 omnia
177 1163 247 1197 nunc
259 1148 358 1196 rident:
379 1155 407 1196 at
419 1148 440 1195 si
454 1147 581 1200 formosus
595 1147 685 1195 Alexis

74 1237 206 1286 montibus
220 1237 260 1284 his
273 1237 357 1295 abeat,
372 1236 459 1285 videas
473 1242 498 1284 et
509 1235 616 1283 flumina
629 1235 706 1283 sicca.

74 1343 99 1374 r.
120 1327 185 1374 Aret
197 1338 273 1386 ager,
288 1325 349 1373 vitio
362 1325 475 1374 moriens
488 1325 541 1372 sitit
553 1324 618 1372 aeris
633 1323 720 1372 herba.

76 1414 155 1462 Liber
167 1413 318 1476 pampineas
331 1413 423 1461 invidit
435 1413 544 1463 collibus
558 1413 676 1461 umbras:

77 1503 204 1566 Phyllidis
217 1503 328 1551 adventu
341 1509 444 1551 nostrae
457 1516 546 1550 nemus
560 1516 636 1550 omne
648 1501 748 1560 virebit,

31 1598 57 1641 to
76 1592 193 1655 Iuppiter
205 1598 231 1640 et
243 1592 310 1640 laeto
324 1591 461 1639 descendet
473 1591 598 1653 plurimus
612 1589 696 1637 imbri.

113 1695 137 1728 c.
159 1680 274 1742 Populus
288 1680 397 1728 Alcidae
410 1679 565 1740 gratissima,
581 1678 638 1726 ritis
651 1677 754 1736 Iaccho,

78 1769 207 1817 formosae
220 1775 316 1830 myrtus
328 1767 433 1826 Veneri,
449 1782 496 1815 sua
508 1768 597 1816 laurea
609 1766 731 1815 Phoebo:

77 1857 176 1920 Phyllis
189 1864 260 1905 amat
272 1857 389 1918 corylos3
409 1857 467 1905 illas
482 1857 543 1903 dum
555 1855 653 1918 Phyllis
667 1855 772 1914 amabit,

77 1961 126 1994 nec
139 1953 235 2008 myrtus
248 1946 334 1994 vincet
346 1945 447 2007 corylos
461 1959 509 1993 nec
521 1946 611 1992 laurea
623 1943 730 1992 Phoebi.

31 2040 57 2083 55
78 2050 102 2081 r.
124 2034 251 2082 Fraxinus
264 2035 290 2082 in
303 2034 373 2083 silvis
386 2033 568 2096 pulcherrima,
583 2033 659 2095 pinus
672 2033 699 2081 in
712 2032 802 2091 hortis,

76 2124 189 2186 populus
202 2123 230 2170 in
242 2123 334 2181 fluviis,
349 2122 419 2171 abies
432 2123 460 2169 in
473 2121 602 2170 montibus
617 2121 689 2169 altis:

77 2212 180 2274 saepius
193 2212 253 2259 atsi
267 2225 316 2269 me,
332 2210 432 2272 Lycida
444 2210 565 2268 formose,
580 2211 684 2269 revisas,

78 2299 194 2348 fraxinus
207 2299 235 2346 in
248 2299 318 2347 silvis
332 2299 407 2347 cedat
418 2299 473 2362 tibi,
489 2300 565 2363 pinus
578 2300 605 2347 in
618 2299 707 2347 hortis.

114 2404 142 2436 m.
164 2387 235 2436 Haec
252 2388 372 2446 memini,
393 2397 418 2436 et
433 2389 528 2437 victum
545 2388 638 2436 frustra
651 2388 805 2436 contendere

379 2477 508 2541 Thyrsim.

31 2574 57 2612 yo
74 2580 107 2611 ex
116 2565 164 2609 illo
176 2562 297 2624 Corydon
314 2563 442 2632 Corydon
455 2577 497 2621 est
510 2578 634 2638 tempore
646 2567 742 2619 nobis.

310 2704 490 2722 Ὰ--ή-
