1816 2956
68 160 127 208 482
308 171 333 209 P.
351 168 475 212 vasella
490 168 621 208 traaoms

136 326 277 389 pergentis
291 326 338 374 erit
352 333 397 375 aut
408 326 504 374 famam
516 325 621 389 patioris
634 324 743 373 inultae.

137 430 197 462 nam
211 415 368 477 quicumque
380 422 453 463 tuom
465 415 570 464 violavit
582 414 687 462 volnere
700 429 808 477 corpus,

136 509 218 550 morte
231 503 285 550 luet
297 495 410 552 merita.'
433 503 483 550 fuit
494 504 585 564 ingens
599 510 687 550 monte
699 502 749 549 sub
763 503 820 551 alto

67 595 118 639 850
137 591 205 652 regis
218 590 347 639 Dercenni
361 598 463 639 terreno
477 606 509 640 ex
522 605 616 652 aggere
629 591 735 638 bustum
801 649 804 654 Ι

138 679 237 741 antiqui
251 679 388 728 Laurentis
402 694 536 742 opacaque
548 680 608 728 ilice
620 686 733 726 tectum:

137 767 180 815 hic
194 768 242 815 dea
255 768 406 830 septimum
419 769 510 830 rapido
524 767 698 831 pulcherrima
712 769 774 817 nisu

138 855 205 904 sistit
217 863 242 903 et
254 857 394 904 Arruntem
407 857 507 904 tumulo
520 857 667 927 speculatur
681 854 714 902 ab
729 857 796 906 alto.

139 951 167 991 ut
178 945 242 991 vidit
254 945 396 1005 fulgentem
410 945 486 992 armis
501 959 530 992 ac
543 959 610 992 vana
621 951 777 1005 tumentem,
839 961 840 965 ¹

68 1037 118 1080 855
135 1021 199 1080 ‘cur'
211 1022 432 1094 inquit‘diversus
446 1033 519 1080 abis?
538 1032 588 1080 huo
602 1032 685 1092 dirige
698 1047 833 1095 gressum,

139 1121 190 1168 huc
203 1121 314 1183 periture
327 1121 394 1178 veni,
410 1121 498 1183 capias
512 1127 540 1167 ut
552 1121 631 1181 digna
645 1118 780 1171 Camillae

139 1209 262 1271 praemia.
289 1217 350 1258 tune
363 1210 441 1257 etiam
454 1209 511 1256 telis
524 1209 633 1257 moriere
645 1205 785 1260 Dianael'

139 1297 205 1344 dixit
217 1305 242 1346 et
255 1305 346 1346 aurata
358 1299 488 1346 volucrem
501 1300 623 1347 Threissa
640 1300 766 1360 sagittam

140 1386 299 1448 deprompsit
310 1387 432 1449 pharetra
444 1402 577 1449 cornuque
589 1387 691 1436 insensa
705 1391 824 1439 tetendit

69 1479 119 1523 860
139 1483 165 1522 et
177 1474 252 1521 duxit
264 1475 351 1536 longe,
368 1476 450 1523 donec
464 1483 568 1524 curvata
581 1476 679 1524 coirent

138 1563 205 1611 inter
218 1577 245 1611 se
258 1564 343 1626 capita
357 1570 382 1611 et
394 1564 513 1612 manibus
527 1565 579 1611 iam
592 1572 711 1625 tangeret
724 1570 832 1630 aequiS,

139 1652 212 1699 laeva
225 1651 306 1699 aciem
320 1651 388 1710 ferri,
404 1653 495 1701 dextra
508 1667 637 1714 nervoque
651 1654 794 1715 papillam.

139 1740 268 1801 extemplo
282 1740 327 1788 teli
340 1741 476 1789 stridorem
489 1756 616 1803 aurasque
629 1751 756 1791 sonantes

140 1829 222 1875 audiit
234 1843 286 1875 una
298 1829 398 1876 Arruns
412 1829 546 1891 haesitque
559 1831 585 1876 in
600 1844 709 1892 corpore
723 1832 836 1883 ferrum.

70 1921 120 1965 865
140 1917 214 1964 illum
228 1916 388 1978 expirantem
401 1919 464 1965 socii
478 1926 555 1980 atque
569 1926 683 1966 ext-rema
696 1932 852 1980 gementem

140 2005 212 2052 obliti
226 2005 316 2064 ignoto
331 2021 480 2068 camporum
494 2008 520 2053 in
534 2008 637 2069 pulvere
650 2008 772 2069 lincunt;

141 2092 204 2155 Opis
218 2094 249 2140 ad
264 2094 406 2142 aetherium
419 2096 506 2157 pinnis
520 2096 633 2143 aufertur
646 2094 805 2160 Olympum.

175 2180 262 2228 Prima
275 2181 349 2243 sugit,
366 2184 471 2230 domina
484 2185 587 2242 amissa,
604 2184 665 2231 levis
680 2185 724 2232 ala
733 2186 871 2245 Camillae,

140 2269 233 2317 turbati
248 2270 350 2330 fugiunt
363 2271 460 2330 Rutuli,
477 2273 542 2333 fugit
555 2288 614 2320 acer
627 2273 731 2332 Atinas,

71 2363 121 2406 870
141 2359 291 2420 disiectique
305 2360 382 2407 duces
396 2361 556 2423 desolatique
570 2361 676 2422 manipli

140 2454 195 2495 tuta
208 2453 299 2512 pctunt
312 2456 337 2495 et
350 2449 422 2510 equis
437 2450 517 2496 aversi
531 2451 563 2496 ad
577 2450 680 2497 moenia
695 2452 821 2500 tendunt.

133 2557 183 2593 nec
203 2541 348 2609 quisquam
365 2537 488 2587 'instantis
497 2537 614 2585 'leucros
620 2538 754 2596 letumque
770 2541 868 2590 ferentis

126 2646 290 2690 sustentare
305 2633 381 2683 valet
394 2627 455 2677 telis
471 2633 517 2673 aut
529 2624 621 2670 sistere
632 2626 735 2673 conara„
