1816 2956
85 169 149 218 480
326 177 353 216 1³.
368 175 492 216 vanem
510 173 642 215 numnis

84 337 101 384 7
106 339 138 382 95
158 341 243 382 mente
256 333 335 391 dedit,
351 339 450 396 partem
462 332 573 380 volucris
587 332 708 394 dispersit
718 332 747 379 in
762 347 856 382 auras:

157 430 282 471 sterneret
293 429 322 468 ut
334 421 419 469 subita
432 421 561 469 turbatam
573 427 656 468 morte
669 419 815 470 Camillam

159 510 250 559 adnuit
262 510 346 557 oranti
356 526 362 568 3
382 511 503 558 reducem
515 516 545 556 ut
556 509 641 572 patria
654 504 708 556 alta
719 509 824 559 videret

158 614 211 646 non
224 599 295 646 dedit
307 599 386 661 inque
398 605 474 645 notos
487 612 577 646 vocem
589 605 686 646 vertere
698 599 847 659 procellae.

159 702 235 750 ergo,
262 687 306 734 ubi
332 687 411 735 missa
428 700 507 734 manu
527 686 640 733 sonitum
659 686 732 734 dedit
751 687 831 737 hasta
849 701 890 751 per

460 789 545 844 auras,

85 869 140 912 800
160 869 307 911 convertere
321 863 420 910 animos
433 863 499 910 acris
513 863 654 924 oculosque
667 864 753 913 tulere

160 951 244 1000 cuncti
258 951 291 998 ad
304 951 422 1012 reginam
434 951 533 999 Volsci.
561 950 625 999 nihil
639 951 697 1013 ipsa
709 967 761 1001 nec
775 968 857 1004 aurae

159 1055 207 1088 nec
220 1040 319 1087 sonitus
332 1054 431 1087 memor
444 1047 488 1087 aut
500 1039 624 1087 venientis
638 1038 669 1086 ab
684 1041 792 1091 aethere
805 1045 863 1104 teli,

159 1130 235 1178 hasta
247 1128 293 1176 sub
307 1136 422 1177 exertam
435 1128 518 1176 donec
531 1128 632 1190 perlata
643 1129 776 1191 papillam

160 1218 244 1266 haesit
255 1217 450 1279 virgineumque
464 1218 515 1264 alte
528 1216 593 1263 bibit
605 1222 664 1264 ecta
676 1232 812 1268 cruorem.

87 1311 141 1354 805
161 1314 318 1355 concurrunt
331 1306 446 1369 trepidae
459 1306 565 1354 comites
578 1305 768 1368 dominamque
777 1317 894 1359 ruentem

161 1395 313 1456 suscipiunt.
340 1395 407 1455 fugit
420 1402 479 1442 ante
492 1394 575 1442 omnis
589 1394 725 1442 exterritus
739 1395 858 1457 Arruns,

162 1483 260 1531 laetitia
273 1484 406 1544 mixtoque
419 1489 496 1540 metu,
512 1497 560 1530 nec
573 1483 626 1530 iam
639 1482 754 1544 amplius
769 1484 865 1535 hastae

161 1572 264 1620 credere
278 1586 325 1619 nec
338 1571 394 1618 telis
408 1586 542 1619 occurrere
554 1571 659 1632 virginis
673 1571 763 1619 audet.

162 1677 192 1708 ac
205 1661 275 1708 velut
287 1660 340 1718 ille,
357 1660 426 1721 prius
440 1674 517 1721 quam
531 1660 583 1706 tela
595 1659 701 1706 inimica
714 1672 874 1723 sequantur,

89 1754 142 1797 810
162 1749 285 1797 continuo
297 1749 325 1796 in
338 1749 433 1796 montis
447 1763 501 1796 sese
515 1748 585 1795 avius
599 1747 697 1794 abdidit
711 1749 783 1797 altos

162 1838 247 1885 occiso
260 1844 363 1899 pastore
376 1838 451 1899 lupus
465 1850 591 1897 magnove
604 1836 722 1894 iuvenco,

162 1926 280 1974 conscius
295 1926 399 1973 audacis
413 1926 483 1982 sacti,
501 1924 662 1985 caudamque
675 1926 831 1977 remulcens

161 2014 270 2061 subiecit
281 2016 438 2075 pavitantem
451 2022 524 2061 utero
538 2013 666 2074 silvasque
680 2013 782 2074 petivit,

161 2103 230 2150 haud
244 2117 317 2150 secus
331 2117 363 2150 ex
376 2103 458 2151 oculis
472 2117 498 2150 se
512 2102 628 2149 turbidus
642 2100 752 2148 abstulit
765 2104 871 2154 Arruns

89 2196 141 2239 815
162 2197 349 2253 contentusque
361 2190 424 2251 fuga
436 2190 527 2238 mediis
541 2205 567 2238 se
581 2189 712 2237 inmiscuit
726 2193 820 2240 armis.

161 2279 207 2326 illa
220 2294 298 2326 manu
312 2279 424 2326 moriens
437 2278 516 2325 telum
531 2278 623 2325 trahit:
645 2292 704 2325 ossa
718 2281 766 2328 sed
780 2281 854 2332 inter

161 2367 257 2415 ferreus
272 2368 304 2413 ad
318 2374 402 2415 costas
416 2367 469 2413 alto
482 2374 533 2414 stat
545 2367 648 2413 volnere
661 2381 764 2416 mucro.

161 2456 259 2507 labitur
272 2454 409 2518 exanguis„
423 2454 545 2502 labuntur
558 2455 652 2515 frigida
665 2455 718 2501 leto

158 2552 275 2613 lumina,
291 2558 443 2615 purpureus
456 2543 592 2604 quondum
602 2543 672 2586 color
683 2555 731 2585 unu
739 2545 854 2604 saluauit,

72 2651 131 2698 820
157 2657 218 2699 tum
234 2647 275 2697 sie
290 2641 427 2707 expirans
443 2633 555 2685 bacam,
569 2639 607 2671 ex
616 2622 873 2681 uedualtuusunm,
