1816 2956
290 50 410 112 fulgentis
424 50 509 114 clipei,
525 57 579 97 turn
593 50 693 97 luevolu
707 50 820 112 perforat
832 50 908 112 ingu

220 145 270 188 590
290 154 412 188 exeussus
426 154 501 187 curru
515 137 684 186 moribundus
698 139 807 186 volvitur
819 139 896 188 ursis.

289 243 366 291 quem
378 229 436 291 pius
448 229 552 276 Aeneas
566 227 641 275 dietis
655 227 757 275 adfatur
769 228 874 276 amaris.

284 306 409 379 ‘Lucage
424 317 498 364 nulla
510 322 567 364 tuos
581 331 669 364 currus
683 315 744 376 fuga
757 316 843 377 segnis
857 332 902 380 eq

288 407 402 469 prodidit
414 413 458 453 aut
470 419 551 453 vanae
565 412 661 453 vertere
675 419 707 452 ex
721 405 836 452 hostibus
851 421 908 453 um

288 495 343 558 ipse
355 495 417 542 rotis
431 494 525 541 saliens
538 494 599 555 iuga
612 486 727 542 deseris?
752 493 816 542 haee
828 493 866 541 ita
879 495 906 542 su

219 588 268 632 595
288 583 397 646 arripuit
410 583 527 644 biiugos3
548 583 625 630 frater
638 581 760 630 tendebat
772 582 860 630 inertis

287 672 378 720 infelix
391 672 499 735 palmas,
515 686 590 719 curru
604 670 724 734 delapsus
738 671 844 719 eodem:

283 751 340 824 ‘per
353 768 386 820 te,
401 775 447 823 per
460 761 504 824 qui
517 767 541 808 te
555 760 633 807 talem
645 774 757 820 genuere
769 768 900 823 parentes,

287 850 324 898 vir
337 849 463 908 Troiane,
485 849 539 898 siue
558 848 626 896 hune
645 849 759 896 animam
777 856 802 898 et
821 849 908 898 miser

589 928 689 985 cantis.'

287 1025 403 1090 pluribus
417 1025 500 1074 oranti
513 1027 625 1084 Aeneas,
637 1015 718 1074 ‘haud
731 1026 794 1074 talia
807 1026 879 1075 dudu
888 1048 901 1071 u

217 1120 268 1164 600
288 1115 357 1164 dieta
370 1115 458 1164 dabas.
486 1129 586 1164 morere
599 1121 624 1163 et
637 1115 742 1163 fratrem
755 1129 787 1162 ne
801 1115 890 1166 desere

254 1263 257 1270 Ι
287 1213 350 1264 turn,
366 1204 477 1253 latebras
491 1204 602 1263 animae,
618 1211 706 1267 peetus
719 1217 842 1252 mucrone
855 1220 899 1254 ree

287 1293 350 1343 talia
362 1307 408 1356 per
421 1307 526 1355 campos
539 1292 633 1341 edebat
644 1293 735 1341 funera
748 1293 839 1340 ductor

286 1381 444 1438 Dardanide
460 1381 580 1430 torrentis
594 1382 729 1438 aquaevel
744 1380 853 1429 turbinis
867 1390 905 1431 atr
