1816 2956
293 193 440 234 neustrios
458 193 545 233 ursan
562 192 616 233 xu.
797 182 855 232 sot

63 359 112 401 550
133 360 157 400 et
169 353 302 414 Messapus
316 367 389 400 ecum
403 352 515 399 domitor
527 359 551 400 et
564 351 637 398 fortis
650 351 736 399 Asilas

131 442 326 503 Tuscorumque
341 441 456 503 phalanx
469 441 636 502 Euandrique
650 441 765 488 Arcades
779 440 836 488 alae

132 546 178 593 pro
191 546 218 579 se
232 530 341 592 quisque
353 530 400 575 viri
413 543 514 576 summa
527 528 642 576 nituntur
655 544 734 591 opum
746 529 787 588 vi3

132 635 179 668 nec
192 635 273 676 mora,
289 632 337 666 nec
350 617 459 679 requies,
475 625 547 665 vasto
561 618 700 666 certamine
714 617 830 666 tendunt.

168 707 215 755 Hic
229 714 341 755 mentem
348 708 452 754 Aeneae
465 706 583 767 genetrix
596 706 770 768 pulcherrime
780 706 858 765 misit,

62 801 111 843 555
132 797 180 843 iret
194 804 220 843 ut
234 797 265 843 ad
279 810 366 843 muros
379 794 489 858 urbique
501 796 644 843 adverteret
657 809 750 856 agmen

133 884 204 930 ocius
218 892 242 931 et
255 883 340 931 subita
353 883 467 932 turbaret
480 884 553 932 clade
567 883 683 931 Latinos.

133 971 177 1017 ilic
190 979 219 1018 ut
231 972 359 1032 vestigans
373 971 473 1019 diversa
486 986 532 1035 per
545 972 650 1033 agmina
663 972 779 1019 Turnum

133 1059 183 1107 huc
196 1066 274 1121 utque
287 1059 337 1107 huc
351 1059 418 1107 acies
433 1060 597 1119 circumtulit,
614 1061 706 1123 aspicit
717 1060 808 1109 urbem

132 1149 272 1196 immunem
286 1147 349 1195 tanti
363 1147 424 1195 belli
438 1155 515 1210 atque
528 1150 624 1212 inpune
639 1150 761 1211 quietam.

63 1242 112 1284 560
133 1237 255 1284 continuo
269 1250 371 1300 pugnae
384 1237 502 1284 accendit
514 1239 618 1286 maioris
632 1239 735 1300 imago;

131 1326 268 1374 Mnesthea
279 1326 479 1386 Sergestumque
492 1333 567 1374 vocat
579 1327 724 1389 fortemque
731 1325 862 1376 Serestum

132 1416 250 1463 ductores
264 1414 443 1476 tumulumque
457 1416 526 1477 capit
540 1430 591 1477 quo
605 1423 690 1464 cetera
703 1415 831 1465 Teucrum

132 1505 263 1553 concurrit
275 1505 344 1567 legio
358 1519 405 1553 ncc
418 1512 492 1552 scuta
504 1512 549 1553 aut
562 1504 662 1565 spicula
675 1504 747 1552 densi

132 1594 273 1655 deponunt.
301 1595 370 1642 celso
384 1594 483 1642 medius
498 1600 568 1640 stans
582 1607 676 1654 aggere
689 1593 765 1640 satur.

63 1686 112 1728 565
131 1682 226 1743 ‘nequa
238 1682 302 1730 meis
316 1688 370 1729 esto
384 1682 458 1730 dictis
472 1697 560 1729 mora:
581 1682 697 1744 Iuppiter
710 1681 759 1730 hac
772 1689 837 1730 stat:

133 1783 182 1817 neu
196 1771 253 1831 quis
266 1770 299 1817 ob
314 1770 445 1833 inceptum
458 1771 570 1818 subitum
584 1769 646 1817 mihi
660 1771 765 1832 segnior
778 1771 823 1818 ito.

133 1857 221 1904 urbem
235 1857 321 1916 hodie,
338 1873 439 1906 causam
455 1858 525 1917 belli,
542 1873 622 1919 regna
634 1858 692 1921 ipsa
705 1859 800 1918 Latini,

133 1946 158 1992 ni
172 1946 272 1993 frenum
286 1947 402 2008 accipere
415 1954 441 1995 et
452 1947 511 1995 victi
525 1961 614 2010 parere
627 1947 749 2006 fatentur,

133 2049 221 2082 eruam
234 2043 258 2082 et
271 2049 356 2097 acqua
367 2035 424 2082 solo
438 2036 564 2084 fumantia
577 2036 692 2084 culmina
703 2051 808 2098 ponam.

64 2127 113 2172 570
133 2123 231 2171 scilicet
244 2131 385 2186 expectem,
402 2123 481 2172 libeat
494 2125 555 2172 dum
568 2126 667 2187 proelia
680 2124 770 2173 Turno

133 2220 221 2259 nostra
233 2214 285 2274 pati
299 2227 438 2275 rursusque
450 2213 510 2260 velit
523 2228 675 2262 concurrere
687 2213 787 2262 victus?

133 2301 182 2348 hoc
196 2307 281 2362 caput,
298 2315 313 2348 o
327 2301 403 2358 cives,
420 2300 484 2349 haec
496 2301 557 2349 belii
572 2318 672 2350 summa
686 2302 800 2350 nefandi.

133 2390 195 2436 t'crte
208 2390 276 2438 faces
290 2404 398 2452 propere
412 2390 553 2452 foedusque
567 2393 694 2453 reposcite
708 2383 840 2440 flammis}

134 2479 241 2535 dixerat,
258 2485 335 2540 atquc
349 2478 441 2526 animis
455 2478 550 2540 pariter
563 2481 719 2528 certantibus
733 2495 822 2527 omnes

64 2570 113 2615 575
134 2567 197 2614 (lunt
210 2581 320 2615 cuneum
333 2567 464 2628 densaque
477 2569 510 2616 ad
524 2583 611 2615 muros
625 2570 694 2617 mole
708 2569 832 2616 feruntur.

133 2658 219 2703 scalae
232 2656 362 2718 inproviso
376 2655 526 2719 subitusque
540 2657 660 2720 adparuit
676 2658 753 2720 ignis.
