1816 2956
380 196 465 236 CIBIS.
756 192 813 237 561

92 367 143 415 quo
157 367 226 400 nunc
239 368 288 411 me,
304 354 404 410 infelix,
421 362 465 400 ant
478 369 544 416 quae
557 369 598 402 me
612 355 663 403 fata
673 356 819 404 reservant?

91 456 126 490 an
138 443 221 489 nescis
236 457 287 504 qua
300 443 356 504 lege
370 443 449 504 patris
464 444 495 490 de
507 444 600 492 vertice
613 459 712 492 summo

41 537 73 580 20
93 531 162 579 edita
175 531 314 579 eandenus
328 538 461 594 praetexat
474 547 586 594 purpura
599 548 687 591 canos,

92 633 158 682 quae
171 620 255 667 tenuis
268 620 353 682 patrio
366 635 423 682 spes
437 621 469 667 sit
481 635 605 683 suspensa
618 621 732 682 capillo?

90 708 113 756 ei
126 708 218 766 nescis,
234 709 348 770 aliquam
361 724 468 771 possum
480 724 582 772 sperare
595 709 713 768 salutem,

89 796 173 845 inscia
186 797 396 859 quandoquidem
414 799 498 846 scelus
516 814 542 846 es
556 805 649 846 conata
662 797 816 846 nefandum:

89 886 131 934 aiu
144 891 182 933 est
195 886 264 948 quod
278 892 373 945 metuo,
389 894 479 949 perte,
495 903 553 936 mea
566 888 679 945 alumna,
695 894 819 949 tuumque

41 982 69 1026 25
91 980 226 1037 expertum
239 975 325 1022 multis
339 976 447 1024 miserae
460 976 523 1023 mihi
537 976 611 1024 rebus
625 990 748 1034 amorem,

89 1077 137 1126 per
149 1070 174 1111 te
187 1077 260 1111 sacra
274 1078 365 1126 precor
377 1079 423 1126 per
434 1065 585 1128 luminaque
597 1064 725 1126 Ilithyiae,

91 1165 125 1200 ne
136 1157 237 1199 tantum
250 1152 276 1198 iu
290 1151 389 1200 facinus
403 1161 457 1201 tam
469 1154 543 1201 nulla
556 1160 641 1201 mente
654 1152 750 1201 feraris.

90 1252 145 1288 non
158 1254 206 1301 ego
219 1246 244 1288 te
256 1241 359 1303 incepto
373 1241 439 1303 (fieri
453 1241 522 1303 quod
537 1256 590 1289 non
602 1241 673 1304 pote)
687 1255 766 1289 conor

90 1329 192 1377 flectere
211 1344 299 1377 amore
318 1344 401 1392 neque
421 1337 458 1378 est
477 1345 534 1378 cum
553 1330 591 1378 dis
606 1330 760 1378 contendere
773 1344 818 1376 no·

393 1425 472 1474 strum
481 1435 487 1477 3

41 1514 69 1559 Ιθ
90 1505 136 1554 ced
149 1506 229 1568 patris
242 1507 366 1555 incolumi
379 1509 464 1570 potius
478 1507 606 1555 denubere
619 1522 700 1569 regno

90 1603 169 1657 atque
182 1596 284 1658 aliquos
303 1603 389 1646 tamen
403 1611 457 1645 esse
470 1597 532 1644 velis
551 1596 612 1655 tibi,
635 1597 755 1654 alumna,
775 1611 818 1658 pe·

391 1691 472 1733 nates.

90 1773 142 1820 hoc
154 1787 235 1820 unum
248 1773 326 1821 exilio
340 1774 416 1822 docta
430 1781 506 1835 atque
520 1776 625 1834 e'xpcrta
637 1773 757 1821 monebo.

90 1861 161 1924 quod
175 1861 262 1908 sinon
276 1862 328 1910 alia
341 1863 436 1924 poteris
451 1862 549 1909 ratione
563 1869 695 1923 parentem

89 1949 192 1997 flectere
206 1950 262 2012 (sed
276 1950 387 2012 poteris:
404 1951 465 2013 quid
474 1949 815 2013 cnimnonunicapossisl),

41 2040 68 2091 lb
90 2045 146 2085 tum
158 2038 243 2100 potius
257 2045 343 2086 tamen
356 2040 414 2098 ista,
430 2040 473 2101 pio
487 2054 546 2086 cum
558 2039 613 2085 iure
627 2037 722 2096 licebit,

90 2140 150 2175 cum
163 2125 223 2174 iacti
238 2141 341 2175 causam
354 2134 506 2190 tempusque
519 2126 616 2174 doloris
629 2125 745 2185 habebis,

91 2221 146 2262 tum
158 2215 244 2277 potius
258 2223 351 2264 conata
364 2223 407 2264 tua
421 2223 497 2278 atque
510 2216 612 2277 incepta
624 2213 733 2273 rclert03

90 2316 184 2364 meque
198 2303 311 2366 deosque
324 2305 369 2351 tibi
384 2305 498 2364 comites,
518 2319 576 2352 mea
589 2304 703 2361 alumna,
719 2303 817 2349 futuros

91 2391 233 2455 polliceor:
255 2392 319 2440 nihil
333 2400 379 2452 est,
396 2394 464 2455 quod
479 2400 551 2440 texas
565 2393 664 2450 ordine,
680 2381 805 2452 longum.²

41 2488 68 2533 ιθ
127 2479 174 2527 His
187 2480 230 2527 ubi
244 2482 369 2529 sollicitos
383 2481 462 2528 animi
476 2482 632 2529 relevaverat
644 2487 728 2527 aestus

90 2568 196 2616 vocibus
210 2576 236 2618 et
247 2569 345 2619 blanda
357 2578 445 2633 pectus
459 2584 503 2632 spe
516 2571 612 2618 vicerat
624 2582 738 2629 aegrum,

90 2657 226 2721 paullatim
239 2659 407 2707 tremebunda
420 2659 493 2720 genis
506 2659 633 2706 obducere
645 2663 741 2704 vestem

72 2739 196 2799 vergilius.
617 2738 655 2785 36
