1816 2956
225 189 227 194 ’
263 213 412 254 Aruernos
431 213 518 254 arnna
535 215 554 254 1.
748 207 804 255 151

79 373 175 421 talibus
187 371 321 431 Ilioneus3
342 372 427 420 cuncti
442 371 518 419 simul
532 387 576 420 cre
590 372 733 421 fremebant

29 467 60 511 50
78 462 255 511 Dardanidae.

114 550 182 605 Tum
195 551 304 599 breviter
316 550 395 608 Dide,
410 549 509 597 voltum
522 549 641 608 demissa,
657 550 773 612 profatur·

74 628 178 687 ‘solvite
191 640 269 688 eorde
281 646 388 697 metum,
405 637 508 698 Teucri,
524 639 649 687 secludite
663 655 745 688 curas.

78 742 119 776 res
132 727 197 776 dura
210 735 234 776 et
247 728 318 790 regni
333 727 433 775 novitas
446 742 487 775 me
500 727 564 776 talia
577 735 673 790 cogunt

76 816 164 865 moliri
177 823 203 865 et
215 817 266 866 late
278 817 336 865 finis
350 817 457 865 custode
469 816 544 865 tueri.

29 911 57 954 55
78 905 136 968 quis
149 920 230 968 genus
243 906 409 964 Aeneadum,
431 905 487 968 quis
500 905 595 953 Troiae
608 905 706 954 neseiat
719 906 808 955 urbem

76 995 234 1057 virtutesque
247 995 366 1057 virosque
379 1001 424 1042 aut
437 995 500 1042 tanti
513 994 635 1042 incendia
648 994 728 1042 belli?

76 1096 129 1131 non
144 1083 255 1131 obtunsa
268 1085 333 1132 adeo
346 1091 476 1145 gestamus
491 1091 596 1146 pectora
608 1083 690 1131 Poeni

78 1186 126 1220 nec
138 1179 192 1220 tam
205 1187 307 1220 aversus
321 1187 401 1234 equos
414 1173 494 1235 Tyria
507 1171 553 1220 Sol
566 1172 650 1232 iungit
663 1171 695 1219 ab
709 1173 780 1221 urbe.

77 1275 123 1308 seu
136 1275 181 1308 vos
195 1260 347 1324 Hesperiam
360 1275 482 1322 magnum
496 1260 668 1323 Saturniaque
682 1277 743 1310 arva

29 1355 57 1398 to
77 1349 130 1398 sive
142 1349 231 1412 Erycis
244 1349 308 1397 fines
321 1364 459 1412 regemque
473 1351 566 1412 optatis
579 1353 700 1410 Acesten,

79 1437 177 1486 auxilio
191 1445 259 1486 tutos
273 1438 400 1486 dimittam
414 1438 557 1502 opibusque
570 1440 673 1487 iuvabo.

78 1527 155 1575 voltis
168 1523 193 1575 et
205 1527 245 1575 his
257 1542 359 1575 mecum
372 1527 467 1590 pariter
481 1528 614 1576 considere
627 1529 722 1591 regnis,

77 1615 168 1663 urbem
181 1631 259 1679 quam
272 1623 356 1663 statue
369 1623 452 1664 vestra
466 1623 518 1675 est3
537 1617 672 1666 subducite
685 1634 775 1675 naves;

77 1704 144 1753 Tros
157 1704 301 1767 Tyriusque
315 1704 377 1751 mihi
390 1705 463 1752 nullo
478 1705 624 1754 discrimine
637 1715 735 1767 agetur.

29 1796 56 1844 ib
77 1799 156 1856 atque
168 1794 268 1842 utinam
280 1808 326 1841 rex
338 1793 393 1856 ipse
407 1802 468 1840 note
483 1795 631 1856 compulsus
645 1796 735 1843 eodem

77 1881 179 1930 adforet
191 1882 309 1930 Aeneas!
330 1882 449 1943 equidem
463 1896 508 1944 per
521 1882 598 1929 litora
611 1891 693 1931 certos

77 1970 206 2020 dimittam
220 1978 245 2018 et
257 1970 355 2033 Libyae
369 1971 477 2018 lustrare
491 1977 605 2018 extrema
618 1972 720 2032 iubebo,

75 2059 97 2109 ei
112 2059 205 2122 quibus
219 2061 314 2108 eiectus
327 2059 397 2108 silvis
411 2067 455 2106 aut
468 2058 573 2107 urbibus
586 2053 672 2108 errat'

113 2148 159 2197 His
172 2148 287 2196 animum
301 2148 392 2196 arrecti
406 2148 479 2196 dietis
493 2155 518 2196 et
530 2149 602 2196 fortis
615 2150 728 2198 Achates

29 2241 56 2287 30
76 2244 103 2288 et
115 2244 188 2300 pater
200 2237 302 2285 Aeneas
316 2221 459 2285 iandudum
472 2252 604 2300 erumpere
618 2239 710 2287 nubem

76 2325 211 2374 ardebant.
238 2326 309 2388 prior
322 2327 428 2374 Aenean
443 2327 583 2390 compellat
595 2327 717 2376 Achates.

74 2414 145 2463 ‘nate
159 2415 216 2473 dea,
232 2429 298 2477 quae
312 2430 381 2463 mme
395 2415 481 2462 animo
495 2416 622 2464 sententia
635 2417 734 2479 surgit?

76 2503 166 2553 omnia
178 2510 234 2553 tuta
247 2504 326 2561 rides,
342 2503 448 2551 classem
463 2505 599 2567 sociosque
612 2513 737 2567 receptos.

74 2607 144 2641 unus
158 2591 237 2650 abest,
253 2592 338 2639 medie
352 2592 378 2638 in
392 2592 470 2640 fluctu
485 2608 560 2655 quem
574 2593 683 2640 vidimus
697 2593 745 2656 ipsi

29 2686 55 2731 ts
75 2679 254 2739 submersum
274 2680 347 2728 dictis
361 2682 522 2745 respondent
535 2690 625 2734 cetera
635 2673 747 2731 matris?
