1816 2956
374 170 483 230 ouasx.
766 183 823 230 547

99 349 142 396 hic
156 357 180 396 et
193 348 262 395 lama
275 357 345 396 vetus
359 363 501 410 numquam
514 348 639 394 moritura
653 346 766 407 Camilli,

100 436 205 486 Curtius
220 446 252 495 el,
268 438 358 485 mediis
373 452 449 498 quem
463 437 594 497 quondam
607 437 710 484 sedibus
723 437 793 484 urbis

100 527 221 575 devotum
234 526 310 574 tellus
325 526 484 588 consumpsit
496 525 605 587 gurgitis
618 527 696 583 unda,

49 621 78 666 55
99 615 201 663 Mucius
215 622 247 673 et,
263 615 375 677 prudens
389 615 508 662 ardorem
521 628 629 676 corpore
643 629 742 676 passus,

98 704 143 752 hic
156 702 248 752 Curius
263 704 347 751 clarae
360 704 445 751 socius
458 703 557 750 virtutis
572 710 596 750 et
608 703 653 750 ille

99 791 242 850 Fabricius,
259 783 334 840 cessit
347 792 388 840 cui
401 792 483 839 fracta
495 786 612 854 potentia
625 791 701 852 regis,

99 879 289 943 Scipiadaeque
303 881 388 938 (luces,
405 896 513 942 qnorum
528 881 620 927 devota
633 880 768 942 triumphis

99 969 204 1017 moenia
215 972 229 1028 †
241 969 337 1030 rapidis
351 968 462 1030 Libycae
475 968 643 1028 Karthaginis
658 969 771 1016 horrent.

49 1066 79 1109 lo
99 1059 155 1106 iure
168 1058 247 1118 igitur
260 1058 323 1104 tales
337 1057 410 1104 sedes
423 1057 525 1119 pietatis
539 1057 660 1104 honores.

99 1146 138 1194 illi
152 1146 230 1194 lamia
242 1161 290 1192 sua
302 1145 420 1206 vigeant-3
435 1160 483 1206 ego
496 1146 564 1192 Ditis
579 1160 674 1207 opacos

99 1249 180 1296 cogor
193 1235 358 1291 adhelardus,
373 1248 467 1281 vacuos
481 1250 495 1281 a
509 1234 605 1281 lumine
618 1233 726 1291 Phoebi,

99 1329 125 1371 et
137 1330 236 1370 vastum
249 1322 439 1385 Phlegethonta
452 1322 514 1384 pati,
531 1336 592 1383 quo,
608 1322 719 1370 maxime
732 1322 826 1381 Minos,

100 1411 277 1460 conscelerata
290 1411 334 1472 pia
347 1411 469 1458 discernis
483 1411 587 1458 saecula
599 1411 667 1458 sede.

49 1507 77 1551 ts
100 1513 163 1561 ergo
176 1499 226 1546 iam
241 1514 345 1548 causam
359 1499 457 1557 mortis,
473 1499 523 1546 iam
538 1499 622 1546 dicere
635 1499 702 1547 ntae

99 1587 248 1636 verberibus
261 1603 351 1638 saevae
365 1594 461 1649 cogunt
474 1587 520 1634 sub
534 1588 618 1636 iudice
632 1588 744 1647 Poenae,

100 1692 160 1726 cum
173 1676 236 1724 mihi
249 1684 277 1724 tu
290 1677 324 1727 sis
338 1691 416 1725 causa
428 1676 499 1734 mali,
516 1691 563 1724 nec
576 1678 694 1724 conscius
708 1677 791 1725 adsis:

99 1766 145 1815 sed
159 1765 337 1814 tolerabilibus
352 1765 418 1812 curis
431 1765 495 1812 haec
509 1765 636 1813 inmemor
649 1766 722 1812 audis

100 1862 126 1903 et
138 1854 273 1902 tamenetsi
288 1854 361 1902 audis
375 1853 486 1901 dimittes
501 1853 588 1900 omnia
601 1855 681 1901 ventis

49 1951 80 1996 30
100 1950 127 1993 et
139 1957 197 1991 mea
210 1942 316 1991 diffusas
330 1943 462 2005 rapientur
476 1941 544 1988 dicta
556 1956 601 2004 per
615 1957 699 1990 auras.

101 2031 233 2093 digredior
246 2047 388 2093 numquam
401 2031 537 2079 rediturus.
565 2036 592 2076 tu
606 2031 662 2078 cole
675 2030 758 2078 fontes

101 2127 127 2168 et
139 2119 232 2168 virides
246 2134 379 2167 nemorum
392 2119 469 2167 silvas
483 2126 508 2166 et
520 2133 617 2180 pascua
630 2110 731 2167 laetus.'

101 2208 169 2257 dixit
181 2216 206 2256 et
219 2215 333 2256 extrema
346 2207 424 2255 tristis
439 2222 497 2255 oum
509 2222 571 2255 voce
584 2208 697 2255 recessit.

138 2297 213 2345 Hunc
226 2297 270 2344 ubi
284 2297 424 2345 sollicitum
438 2296 535 2344 dimisit
547 2296 640 2345 inertia
652 2296 727 2355 vitae,

49 2393 81 2437 85
102 2386 209 2434 interius
222 2386 333 2447 graviter
346 2392 527 2445 regementem‚
542 2399 591 2433 nec
603 2385 662 2432 tulit
674 2385 742 2432 ultra

102 2475 220 2523 sensibus
233 2473 346 2522 infusum
360 2474 448 2521 culicis
463 2473 494 2520 de
507 2480 588 2522 morte
602 2473 727 2530 dolorem,

102 2569 340 2626 quantumcumque
353 2561 401 2608 sibi
415 2561 480 2610 vires
494 2561 605 2609 tribuere
618 2561 711 2609 seniles

102 2651 173 2715 <quis
186 2659 272 2700 tamen
286 2651 407 2698 infestum
419 2665 537 2712 pugnans
551 2650 678 2698 devicerat
690 2649 811 2712 hostem),

611 2732 625 2778 3
634 2732 648 2778 5
657 2724 670 2754 ¹*
