1816 2956
91 163 152 216 456
332 173 358 211 r.
375 171 496 212 innomi
514 170 647 211 unaorus

162 328 225 390 quin
239 341 287 389 ego
301 342 353 374 non
367 328 419 375 alio
433 329 524 389 digner
537 335 561 376 te
574 327 671 386 funere,
686 327 771 387 Palla,

94 420 142 465 170
162 431 240 478 quam
265 416 321 478 pius
340 416 443 465 Aeneas
469 424 494 465 et
519 431 597 478 quarn
622 416 709 477 magni
730 415 849 478 Phryges
867 423 892 464 et

463 519 541 567 quarn

161 592 339 654 Tyrrhenique
353 593 439 652 duees,
454 592 616 654 Tyrrhenum
629 592 757 641 exereitus
770 593 864 640 omnis.

161 695 257 743 magna
269 688 375 744 tropaea
388 680 482 740 ferunt,
497 695 562 744 quos
576 681 621 729 dat
633 687 678 730 tua
695 681 803 730 dextera
815 679 887 730 Leto.

161 777 188 816 tu
201 784 305 832 quoque
317 784 386 817 nune
400 777 480 818 stares
493 769 605 817 inmanis
619 776 724 817 truncus
737 770 765 816 in
778 770 867 829 armis,

161 867 227 906 esset
239 872 286 921 par
299 864 368 906 aetas
382 866 407 905 et
419 858 487 906 idem
500 858 521 905 si
534 857 613 904 robur
625 857 657 904 ab
671 858 756 918 annis,

93 952 139 996 175
160 947 256 995 Turne.
284 947 328 994 sed
342 945 433 994 infelix
445 946 559 994 Teucros
573 946 634 1008 quid
649 946 770 994 demoror
782 946 880 995 armis?

160 1036 245 1083 vadite
258 1041 283 1083 et
295 1035 360 1083 haee
372 1050 498 1083 memores
511 1034 565 1095 regi
579 1035 702 1084 mandata
714 1035 818 1095 referte,

159 1113 237 1186 ‘quod
251 1123 329 1170 vitam
342 1138 430 1171 moror
441 1123 549 1171 invisam
563 1123 681 1171 Pallante
694 1130 840 1186 perempto,

160 1213 266 1260 dextera
279 1226 358 1260 eausa
371 1218 415 1259 tua
428 1217 473 1269 est,
495 1211 612 1258 Turnum
624 1219 757 1273 gnatoque
771 1213 891 1274 patrique

160 1314 239 1363 quam
252 1298 345 1348 debere
358 1300 437 1348 vides.
465 1300 561 1348 meritis
574 1307 649 1348 vacat
661 1300 703 1348 hie
716 1298 763 1346 tibi
777 1301 850 1349 solus

91 1393 139 1436 180
160 1388 330 1450 fortunaeque
344 1389 425 1436 loeus.
453 1403 505 1435 non
518 1389 585 1436 vitae
598 1389 694 1450 gaudia
708 1402 807 1450 quaero

160 1476 292 1538 (nenses),
309 1478 352 1525 sed
366 1484 446 1538 gnato
459 1478 542 1525 manis
556 1477 667 1539 perferre
681 1477 728 1524 sub
742 1469 844 1525 imos''

195 1566 298 1614 Aurora
311 1566 410 1613 interea
423 1565 522 1613 miseris
536 1565 687 1612 mortalibus
702 1566 800 1613 almam

159 1655 287 1702 extulerat
299 1655 392 1712 lueem,
409 1653 519 1701 referens
533 1669 612 1716 opera
625 1661 702 1715 atque
716 1653 837 1702 labores:

158 1745 210 1792 iam
223 1751 296 1805 pater
309 1743 420 1801 Aeneas,
436 1743 487 1789 iam
501 1757 577 1790 curvo
591 1743 617 1789 in
632 1743 706 1789 litore
720 1741 844 1790 Tarchon

91 1837 137 1880 185
159 1833 313 1880 constituere
327 1847 411 1894 pyras.
440 1832 489 1878 huc
503 1847 612 1893 corpora
626 1831 734 1893 quisque
749 1845 858 1879 suorum

158 1936 229 1969 more
243 1921 324 1968 tulere
337 1927 437 1983 patrum
452 1920 623 1981 subiectisque
637 1919 740 1980 ignibus
755 1920 819 1967 atris

159 2010 277 2058 conditur
290 2010 317 2055 in
331 2009 449 2057 tenebras
463 2009 544 2056 altum
558 2008 669 2069 ealigine
682 2008 793 2054 eaelum.

158 2106 196 2146 ter
209 2098 306 2145 circum
319 2112 449 2155 accensos,
466 2097 541 2144 cincti
555 2095 713 2157 fulgentibus
727 2096 818 2155 armis,

158 2187 292 2234 decurrere
305 2200 391 2246 rogos,
408 2192 445 2232 ter
458 2192 583 2232 maestum
597 2184 692 2231 funeris
706 2184 794 2243 ignem

89 2280 138 2323 190
158 2275 297 2322 lustravere
311 2274 338 2320 in
352 2274 424 2335 equis
438 2273 603 2334 ululatusque
617 2287 660 2319 ore
675 2272 777 2319 dedere.

157 2363 286 2425 spargitur
300 2369 324 2410 et
337 2362 413 2409 tellus
428 2361 549 2418 lacrimis,
566 2367 722 2422 sparguntur
735 2368 761 2407 et
774 2376 860 2411 arma.

155 2454 176 2500 it
190 2453 261 2501 eaelo
276 2452 425 2511 clamorque
439 2450 520 2496 virum
535 2451 692 2510 clangorque
706 2448 841 2498 tubarum.

98 2551 100 2555 ’
148 2544 214 2597 hinc
228 2546 276 2597 alii
291 2543 380 2612 spolia
393 2539 488 2591 oeeisis
502 2537 717 2600 bereqtaliatinis

137 2643 288 2695 coniciunt
300 2640 374 2709 igni,
390 2635 488 2704 galeas
503 2638 634 2688 ensesque
646 2624 754 2669 uesanos
