1816 2956
87 164 122 209 41
134 163 149 208 4
326 171 353 209 P.
370 168 491 209 VERGlLl
511 168 643 208 Mnnonls

158 327 276 376 adveniet
288 327 383 374 iustum
397 340 508 389 pugnae,
524 340 556 374 ne
570 326 699 385 arcessite,
715 335 830 390 tempus,

159 431 218 465 eum
232 415 285 463 sera
298 415 433 476 Karthago
446 414 569 462 Romanis
584 414 685 462 arcibus
699 415 765 462 olim

158 504 265 552 exitium
278 518 401 564 magnum
415 510 493 565 atque
504 504 586 565 Alpes
600 503 711 551 inmittet
724 512 845 566 apertas:

158 600 212 640 tum
226 599 323 640 certare
338 593 413 650 odiis,
430 599 484 639 tum
497 607 536 639 res
550 592 666 653 rapuisse
681 592 781 640 l²eebit

106 687 137 730 15
158 696 226 729 nune
239 681 314 729 sinite
327 688 353 728 et
365 679 490 742 placitum
503 680 564 728 laeti
578 681 720 742 conponite
733 676 848 730 foedus?

190 770 305 833 Iuppiter
318 769 382 816 haec
395 769 500 830 paucis:
517 777 543 816 at
555 769 890 820 nonVenusaureaeuntm

158 874 241 922 pauca
254 858 338 906 refert.

154 937 181 994 ‘o
195 955 276 1009 pater,
294 945 458 993 o-hominum
471 959 607 1006 rerumque
621 951 727 993 aeterna
740 955 859 1008 potestas

158 1036 281 1099 (namque
302 1035 371 1082 alind
391 1033 451 1096 quid
470 1034 503 1081 sit
516 1034 585 1096 quod
599 1034 651 1080 iarn
664 1034 802 1096 inplorare
817 1052 888 1101 quea·

458 1122 553 1185 musi),

105 1219 139 1260 20
160 1212 242 1263 cernis
256 1219 284 1258 ut
296 1211 422 1259 insultent
433 1210 522 1258 Rutuli
535 1210 690 1273 Turnusque
703 1211 806 1262 seratur

158 1316 203 1363 per
215 1301 314 1348 medios
328 1299 437 1360 insignis
450 1299 523 1362 equis
537 1299 702 1361 tumidusque
716 1305 838 1352 seeundo

158 1390 240 1438 Marte
258 1389 333 1436 ruat?
353 1403 405 1435 non
425 1389 514 1436 clausa
530 1395 620 1448 tegunt
638 1388 691 1435 iam
704 1392 815 1440 moenia
827 1393 887 1440 Teu·

460 1491 532 1524 eros:

159 1567 222 1630 quin
237 1568 304 1614 intra
317 1573 404 1630 portas
419 1574 494 1628 atque
508 1565 570 1627 ipsis
584 1565 683 1627 proelia
696 1565 812 1616 miscent

158 1656 296 1718 aggeribus
310 1670 442 1702 murorum
455 1663 480 1703 et
492 1655 619 1701 inundant
632 1655 762 1714 sanguine
776 1657 868 1706 fossae.

107 1750 138 1792 25
158 1748 261 1793 Aeneas
275 1745 380 1805 ignarus
395 1743 474 1791 abest.
502 1757 677 1804 numquamne
691 1743 775 1793 levari

159 1834 294 1881 obsidione
308 1833 393 1881 sines?
412 1832 491 1879 muris
506 1832 596 1878 iterum
610 1831 728 1879 imminet
742 1833 828 1884 hostis

158 1922 287 1970 nascentis
301 1922 395 1969 Troiae
409 1935 456 1968 nec
470 1935 521 1966 non
536 1920 661 1967 exereitus
676 1921 742 1968 alter

159 2021 236 2073 atque
255 2012 347 2059 iterum
364 2010 390 2056 in
404 2009 518 2057 Teucros
531 2009 631 2056 Aetolis
645 2017 734 2069 surget
749 2012 782 2059 ab
797 2015 874 2077 Arpis

159 2100 280 2162 Tydides.
309 2099 427 2160 equidem
441 2099 526 2156 oredo,
543 2111 600 2144 mea
613 2098 719 2145 volnera
732 2110 835 2150 restant

105 2195 138 2237 30
159 2197 183 2236 ot
197 2198 241 2236 tua
253 2188 389 2250 progenies
403 2187 523 2234 mortalia
537 2187 657 2233 demoror
670 2201 753 2235 arma.

159 2279 179 2326 si
193 2278 249 2326 sine
262 2292 325 2340 paee
338 2284 383 2324 tua
396 2284 472 2337 atque
486 2275 565 2321 invito
579 2275 685 2321 numine
699 2274 785 2326 Troes

158 2368 263 2416 Italiam
276 2366 380 2429 petiere,
397 2366 469 2413 luant
482 2371 589 2426 peecata
601 2377 685 2424 neque
698 2363 762 2414 illos

156 2457 252 2508 iuveris
266 2456 379 2505 auxilio:
401 2454 440 2501 sin
456 2460 493 2499 tot
505 2467 629 2514 responsa
642 2453 732 2511 secuti,

149 2567 221 2618 quae
240 2549 332 2617 superi
346 2558 492 2607 manesque
506 2541 613 2596 dunum„
629 2555 673 2586 eur
682 2554 755 2587 nunu
765 2552 815 2591 tua
828 2548 890 2607 quis·

481 2646 565 2697 quam
