1816 2956
260 192 430 235 GEORGICON
447 194 535 234 Llnnn
551 195 583 234 11.

92 353 210 412 semina3
232 366 294 401 neve
306 351 366 400 olea
379 351 501 400 silvestris
513 351 598 399 insere
612 358 732 400 truncos:

92 456 155 490 nam
168 455 245 504 saepe
257 439 368 489 incautis
380 439 528 502 pastoribus
541 441 638 488 excidit
650 441 726 503 ignis,

93 530 149 594 qni,
163 529 252 578 furtim
265 528 356 592 pingui
369 528 480 591 primum
494 529 542 576 sub
555 529 650 578 cortice
663 536 753 588 tectus,

49 625 73 670 >5
94 619 190 668 robora
202 618 356 681 conprendit
367 617 525 680 frondesque
538 619 642 682 elapsus
655 619 681 666 in
695 618 760 666 altas

93 708 226 770 ingentem
239 708 312 756 eaelo
326 706 440 754 sonitum
452 707 531 766 dedit,
547 707 608 756 inde
621 715 723 757 secutus

93 811 141 861 per
152 811 239 844 ramos
251 796 333 845 vietor
345 809 442 858 perque
456 797 508 844 alta
521 796 657 844 cacumina
669 803 760 858 regnat

95 893 121 935 et
133 893 216 934 totum
227 885 335 934 involvit
346 885 456 932 flammis
469 899 560 934 nemus
573 892 598 934 et
610 886 661 933 ruit
674 893 756 933 atram

95 975 129 1024 ad
143 975 244 1023 eaelum
256 974 330 1037 picea
344 988 443 1022 crassus
457 973 568 1036 ealigine
581 974 685 1033 nubem,

49 1071 76 1114 lo
95 1063 247 1128 praesertim
260 1063 281 1111 si
294 1070 432 1125 tempestas
446 1078 461 1111 a
474 1064 568 1112 vertice
581 1063 650 1111 silvis

95 1152 215 1202 incubuit
226 1153 405 1214 glomeratque
418 1152 502 1200 ferens
515 1152 636 1200 incendia
647 1159 745 1200 ventus.

96 1242 148 1290 hoe
160 1241 214 1300 ubi,
229 1256 283 1289 non
297 1256 312 1288 n
325 1240 404 1304 stirpe
417 1241 504 1290 valent
516 1255 657 1304 caesaeque
670 1239 760 1289 reverti

96 1338 207 1395 possunt
219 1337 297 1392 atque
309 1330 362 1377 ima
374 1330 470 1379 similes
484 1330 636 1379 revirescere
649 1337 731 1390 terra3

96 1419 189 1468 infelix
202 1425 306 1482 superat
318 1418 387 1467 foliis
401 1420 511 1468 oleaster
526 1419 628 1467 amaris.

49 1515 75 1560 15
132 1507 187 1558 Neo
194 1507 239 1555 tibi
247 1515 300 1556 tam
307 1508 419 1571 prudens
428 1509 564 1572 quisquam
575 1509 727 1572 persuadeat
738 1513 827 1557 auctor

96 1598 216 1648 tellurem
229 1597 308 1645 borea
320 1597 431 1659 rigidam
444 1597 558 1660 spirante
570 1612 680 1647 movere.

96 1702 159 1736 rura
170 1687 231 1749 gelu
244 1693 299 1734 tum
312 1687 409 1735 claudit
422 1686 503 1735 hiems
517 1701 564 1735 nee
577 1687 674 1735 semine
687 1686 756 1735 iacto

98 1781 245 1825 concretam
258 1775 355 1838 patitur
368 1776 481 1825 radicem
495 1777 608 1838 adfigere
621 1784 711 1825 terrae.

98 1865 196 1929 optima
208 1864 300 1913 vinetis
313 1864 389 1924 sotio,
406 1879 465 1913 cum
478 1880 535 1914 vere
548 1865 649 1914 rubenti

49 1961 79 2004 to
97 1954 210 2004 eandida
222 1954 292 2003 venit
304 1954 357 2001 avis
370 1954 455 2015 longis
468 1954 551 2002 invisa
564 1955 685 2013 colubris,

97 2043 183 2107 prima
194 2045 234 2092 vel
248 2043 365 2091 autumni
379 2042 426 2090 snb
439 2042 545 2104 frigora,
562 2058 620 2092 cum
633 2043 738 2106 rapidus
752 2040 797 2091 Sol

97 2132 346 2195 nondum-hiemem
369 2131 496 2193 contingit
519 2131 605 2194 equis,
631 2131 685 2179 iam
707 2132 828 2196 praeterit

401 2228 493 2269 aestas.

98 2325 143 2360 ver
155 2311 221 2359 adeo
234 2310 319 2358 frondi
333 2324 476 2369 nemorum,
493 2324 535 2358 ver
547 2310 610 2358 utile
622 2310 708 2368 silvis3

98 2413 158 2448 rere
171 2405 270 2446 tument
282 2407 365 2447 terrae
378 2406 404 2448 et
414 2399 539 2460 genitalia
552 2399 651 2447 semina
663 2404 780 2461 poscunt.

49 2494 78 2537 25
98 2495 154 2536 tum
167 2494 240 2550 pater
252 2489 414 2551 omnipotens
427 2487 547 2540 fecundis
561 2489 694 2541 imbribus
709 2486 809 2538 dedier

90 2574 208 2632 coniugis
217 2575 247 2621 1'11
256 2578 390 2636 gremium
404 2581 495 2634 laetae
508 2584 660 2636 deseendit
672 2589 704 2634 et
717 2590 818 2629 omues

70 2669 184 2715 magnus
195 2661 247 2709 11Ιί1
254 2677 360 2730 magno
376 2677 556 2730 commixtus
572 2692 703 2745 corpure
716 2672 821 2726 iamir
