1816 2956
85 156 144 202 312
322 167 349 205 Ρ.
366 167 487 207 VERGILI
508 167 639 208 Mtxonls

153 322 214 372 hine
226 330 343 371 metuont
356 324 524 387 cupiuntque,
541 325 630 372 dolent
642 326 822 389 gaudentque,
840 341 886 376 ne·

454 427 504 473 que
518 427 593 461 auras

153 500 294 562 respiciunt
307 501 411 549 clausae
423 500 535 549 tenebris
549 509 574 550 et
587 517 688 551 earcere
701 518 789 552 eueeo.

83 591 132 638 7:35
153 589 216 651 quin
229 596 255 637 et
267 603 386 652 supremo
400 605 459 638 eum
472 590 569 639 lumine
582 592 633 639 vite
646 592 759 654 reliquit,

152 692 205 725 non
218 685 305 726 tamen
317 692 394 727 omne
406 679 504 726 malum
516 680 616 727 miseris
629 694 676 728 nec
696 680 812 728 funditus
828 697 884 729 om-

452 782 496 816 nes

152 868 290 917 corporeae
304 856 432 904 excedunt
443 864 536 919 pestes,
551 856 705 919 penitusque
718 866 851 908 necessest

151 944 233 991 multe
246 943 290 991 diu
304 950 424 992 concretu
437 944 521 992 modis
535 945 676 993 inolescere
689 947 770 994 miris.

152 1046 213 1093 ergo
228 1040 379 1081 exercentur
391 1033 482 1096 poenis
495 1041 660 1095 veterumque
672 1035 802 1083 mulorum

82 1122 132 1168 740
152 1121 280 1184 supplicia
293 1122 456 1184 expendunt:
478 1121 544 1169 uliae
557 1122 706 1185 panduntur
718 1124 809 1172 inanes

152 1224 290 1272 suspensae
304 1211 447 1269 adventus,
464 1210 521 1258 aliis
534 1210 580 1258 sub
594 1211 695 1273 gurgite
709 1219 780 1259 vasto

151 1299 275 1348 infectum
289 1299 383 1348 eluitur
395 1299 479 1347 scelus
493 1306 537 1346 aut
550 1300 664 1347 exuritur
677 1300 740 1361 igni.

151 1388 261 1451 quisque
274 1403 334 1436 suos
348 1389 460 1451 patimur
472 1402 569 1435 manes.
598 1389 691 1436 exinde
703 1403 749 1451 per
762 1391 882 1452 amplum

151 1476 276 1524 mittimur
288 1477 404 1540 Elysium
418 1485 443 1524 et
455 1477 530 1538 psuei
544 1477 612 1525 laetu
625 1493 686 1525 arua
699 1486 825 1538 tenemus,

81 1569 130 1614 745
151 1567 234 1614 donee
248 1567 328 1628 longa
341 1566 404 1623 dim,
420 1565 533 1627 perfeeto
547 1566 669 1628 temporis
682 1565 753 1623 orbe,

150 1663 297 1703 concretam
310 1655 404 1704 exemit
417 1653 504 1701 labem
516 1669 661 1717 purumque
675 1655 800 1716 relinquit

150 1745 291 1793 aetherium
304 1759 408 1792 sensum
421 1750 498 1804 atque
512 1743 584 1789 arrrai
597 1743 721 1804 simplicis
735 1743 834 1804 ignem.

149 1835 196 1882 hes
209 1834 302 1892 omnis,
318 1833 361 1880 ubi
375 1833 447 1880 mille
460 1839 543 1879 rotem
556 1833 657 1880 volvere
671 1847 716 1894 per
729 1847 823 1891 annos,

149 1922 292 1971 Lethaeum
305 1921 338 1968 ed
351 1920 456 1967 fluvium
470 1920 532 1967 deus
550 1929 640 1968 evocat
652 1921 755 1982 agmine
768 1936 880 1984 magno,

79 2017 129 2063 750
150 2011 248 2060 scilieet
260 2010 413 2056 inmemores
427 2023 520 2070 supera
533 2017 562 2054 ut
575 2024 689 2056 convexa
701 2009 815 2057 revisant

149 2114 235 2148 rursus
249 2105 274 2146 et
286 2097 412 2159 incipiunt
424 2097 451 2144 in
465 2111 575 2159 corpora
588 2098 653 2145 velle
666 2089 777 2145 reverti'

183 2189 291 2236 Dixerat
304 2186 440 2244 Anchises,
455 2194 597 2248 natumque
611 2201 713 2248 sinuque
728 2184 860 2248 Sibyllam

148 2284 288 2327 conventus
302 2275 380 2324 trahit
393 2276 419 2322 in
433 2274 531 2322 medios
546 2274 699 2336 turbamque
712 2285 851 2325 sonantem

148 2375 173 2416 et
185 2367 312 2414 tumulum
326 2365 396 2427 capit
408 2364 476 2411 unde
494 2363 578 2410 omnis
592 2364 671 2425 longo
686 2365 776 2411 ordine
790 2378 882 2428 posset

78 2460 127 2507 755
148 2456 267 2503 adversos
281 2455 367 2515 legere
380 2460 405 2501 et
418 2453 565 2501 venientum
578 2453 676 2501 discere
689 2454 781 2500 voltus.

178 2534 265 2592 ‘Nune
278 2558 341 2604 age,
362 2542 523 2590 Dardaniam
537 2543 636 2604 prolem
650 2557 716 2604 quae
731 2542 825 2592 deinde
840 2561 880 2595 se-

448 2639 541 2694 quatur
