1816 2956
105 145 169 194 304
346 157 372 196 r.
389 156 510 195 varorur
531 158 662 198 unaours

177 313 276 362 scilieet
287 313 313 361 id
327 327 452 375 magnum
465 328 570 376 sperans
584 314 638 363 fore
652 330 744 363 munus
759 317 857 365 amanti

177 407 202 450 et
214 401 310 449 lamani
323 385 439 464 extingui
453 409 567 450 veterum
580 403 616 450 sie
629 418 704 466 posse
717 406 854 454 malorum.

177 491 239 553 quid
258 490 371 538 mororl.
381 491 533 555 inrumpunt
549 491 680 552 thalam03
701 507 787 542 comes
800 495 904 543 additur

475 594 529 628 una

175 668 292 716 hortator
305 669 431 717 scelerum
443 669 577 717 Aeolides.
605 669 640 727 di,
656 670 719 717 talia
733 668 808 718 Grais

103 761 155 804 530
175 757 324 816 instaurate,
340 757 384 819 pio
398 757 418 804 si
432 771 529 820 poenas
543 771 587 805 ore
600 771 717 820 reposco.

175 846 220 894 sed
233 856 258 894 te
272 846 316 908 qui
329 846 413 893 vivom
426 860 501 894 casus
514 860 563 907 age
576 845 630 893 faro
642 846 754 893 uicissim

174 935 314 983 attulerint.
342 935 463 998 pelagiae
475 936 546 984 venis
560 936 688 984 erroribus
702 942 773 982 aetus

174 1037 207 1071 an
221 1023 321 1071 monitu
334 1024 437 1071 divom?
456 1039 490 1072 an
503 1039 569 1087 quae
583 1030 607 1072 te
620 1023 735 1071 Fortuna
747 1023 848 1086 fatigat,

173 1119 207 1158 ut*
214 1112 292 1159 tristis
306 1112 361 1160 sine
373 1113 428 1160 sole
441 1113 542 1171 domos,
558 1113 616 1160 looa
629 1111 740 1170 turbida,
756 1113 841 1161 adires
848 1104 869 1160 ?³

102 1204 153 1247 535
174 1200 224 1249 hae
236 1200 291 1249 viee
303 1215 451 1249 sermonum
464 1201 543 1249 roseis
556 1200 659 1248 Aurora
673 1201 805 1262 quadrigis

173 1288 227 1336 iam
239 1289 353 1337 medium
366 1289 480 1338 aetherio
495 1303 569 1337 eursu
583 1289 718 1337 traiecerat
731 1304 815 1347 axem,

173 1385 198 1425 et
210 1376 262 1424 sors
275 1393 352 1427 omne
366 1379 454 1427 datum
467 1377 598 1425 traherent
609 1392 654 1440 per
667 1378 730 1426 talia
743 1385 858 1440 ternpus:

173 1466 217 1514 sed
231 1480 317 1515 eomes
331 1467 466 1514 admonuit
485 1466 645 1528 breviterque
665 1466 752 1514 adfata
765 1465 901 1529 Sibyllest.

171 1554 233 1602 ‘nox
246 1555 305 1613 ruit,
320 1555 425 1615 Aenea3
445 1569 493 1602 nos
506 1555 591 1603 flendo
605 1555 721 1602 ducimus
735 1555 822 1602 horas.

101 1647 153 1691 540
173 1643 215 1691 hio
228 1643 301 1691 loeus
314 1652 352 1691 est
365 1645 443 1707 partis
457 1644 501 1691 ubi
514 1659 541 1692 se
553 1644 594 1691 via
607 1644 682 1691 findit
694 1644 721 1691 in
735 1644 833 1692 ambas.

173 1732 278 1780 dextera
292 1747 358 1794 quae
370 1733 438 1780 Ditis
452 1733 540 1794 magni
553 1732 600 1780 sub
614 1733 718 1781 moenia
731 1733 822 1792 tendit,

172 1821 221 1869 hae
234 1821 283 1868 iter
294 1820 410 1883 Elysium
423 1820 514 1880 nobis;
535 1828 561 1868 at
574 1822 647 1869 laeva
660 1821 788 1868 malorum

172 1916 275 1957 exercet
287 1924 384 1972 poenas
397 1918 422 1958 et
435 1911 467 1957 ad
481 1910 561 1971 impia
573 1910 683 1958 Tartara
696 1901 794 1956 mittit’

170 1997 323 2061 Deiphobus
337 2006 426 2047 eontra
435 1988 479 2046 ‘ne
492 1999 568 2057 saevi,
584 2014 680 2060 magna
693 1999 828 2046 sacerdos:

101 2091 151 2133 545
172 2086 312 2146 discedam,
328 2087 437 2150 explebo
450 2102 586 2135 numerum
599 2087 743 2149 reddarque
757 2088 882 2138 tenebris.

171 2175 179 2221 i
193 2175 280 2234 decus,
295 2176 313 2234 i,
329 2183 461 2235 nostrum3
482 2175 630 2224 melioribus
645 2183 715 2223 utere
729 2167 806 2222 fatis’

172 2271 271 2311 tanturn
285 2264 385 2322 effatus,
401 2265 465 2312 etin
478 2264 554 2312 verbo
568 2264 675 2326 vestigia
689 2265 769 2311 torsit.

205 2351 320 2415 Respicit
331 2353 434 2400 Aeneas
447 2352 531 2400 subito
546 2360 570 2400 et
582 2353 628 2400 sub
643 2367 706 2415 rupe
719 2353 824 2401 sinistra

171 2440 275 2488 moenia
287 2442 341 2489 lata
353 2441 429 2499 videt,
445 2441 539 2503 triplici
553 2441 712 2489 circumdata
725 2456 808 2499 muro,

101 2533 151 2576 550
171 2543 237 2590 quae
250 2528 354 2590 rapidus
368 2528 477 2576 flammis
491 2529 571 2576 ambit
584 2529 738 2578 torrentibus
752 2531 845 2589 amnis,

167 2616 307 2667 Tartareus
320 2616 485 2680 Phlegethon
498 2624 651 2680 torquetque
665 2618 785 2665 sonantia
799 2634 873 2667 saxa.
