1816 2956
312 210 460 251 Aruernos
478 211 611 251 meaux.
785 201 852 249 ,441

134 369 177 416 sed
192 369 282 417 iaculis
296 370 408 432 tutisque
421 369 511 432 procul
525 368 680 416 clamoribus
693 369 798 428 instant,

133 458 177 506 illc
190 465 276 507 nutem
288 458 424 521 inpavidus
437 457 516 521 partis
530 465 665 506 cunctatur
677 458 704 506 in
718 459 810 517 omnis,

64 549 113 595 715
135 547 254 596 dentibus
267 548 425 606 infrendens,
441 554 466 595 et
478 553 550 608 tergo
564 547 661 595 decutit
673 548 776 597 hastas:

133 636 200 684 hand
215 637 298 696 aliter,
313 637 396 684 iustae
410 635 503 699 quibus
517 642 555 684 est
566 636 707 685 Mezentius
719 637 782 707 irae,

132 740 185 773 non
198 726 245 773 ulli
259 733 297 774 est
310 726 411 774 animus
425 725 513 774 stricto
527 739 678 774 concurrere
691 725 774 785 ferr0.;

132 815 272 862 missilibus
286 815 363 876 longe
377 821 402 862 et
413 822 485 863 vasto
500 815 612 862 clamore
625 815 764 863 lacessunt.

132 909 236 950 venerut
249 904 360 966 antiquis
375 902 480 966 Corythi
495 904 526 951 de
540 903 632 951 finibus
646 903 743 962 Acron,

63 990 112 1037 720
133 987 226 1037 Graius
247 991 339 1050 homo,
364 991 471 1040 infectos
490 993 609 1054 linquens
629 992 753 1056 profugus
772 991 859 1056 hyme-

432 1096 526 1129 naeos:

131 1167 199 1215 hunc
213 1168 257 1215 ubi
270 1155 420 1217 miscentem
434 1170 511 1232 longe
524 1171 610 1219 media
623 1171 728 1232 agmina
740 1171 812 1230 vidit,
868 1219 869 1222 ,

131 1272 287 1320 purpureum
301 1258 386 1320 pinnis
400 1266 424 1306 et
436 1267 527 1322 pactae
540 1260 657 1321 coniugis
671 1266 750 1319 ostro,

129 1345 244 1408 inpastus
258 1348 360 1396 stabula
374 1347 427 1395 alta
440 1348 481 1397 leo
496 1363 541 1397 ceu
555 1364 632 1411 saepe
645 1363 795 1411 peragrans,

131 1434 235 1497 (suadet
248 1438 315 1485 enim
329 1415 441 1486 vaesana
453 1437 545 1502 fames)
558 1439 580 1486 si
594 1439 659 1486 forte
672 1437 789 1500 fugacem

61 1525 109 1570 725
130 1526 265 1588 conspexit
285 1541 404 1589 capream
424 1535 468 1574 aut
488 1535 634 1589 surgentem
653 1527 680 1574 in
694 1541 792 1576 cornua
805 1541 857 1574 ecr-

429 1632 496 1676 rom,

129 1703 234 1762 gaudet,
251 1704 326 1753 hians
339 1706 452 1764 inmane,
474 1719 611 1767 comasque
626 1704 721 1752 arrexit
733 1712 758 1752 et
770 1704 859 1752 haeret

129 1790 268 1839 visceribus
282 1809 358 1856 super
371 1795 531 1852 incumbens,
547 1793 609 1841 lavit
621 1793 731 1856 inproba
744 1799 823 1842 taeter

129 1893 175 1926 ora
188 1895 271 1938 eruor,

129 1967 166 2014 sie
179 1968 230 2014 ruit
241 1969 268 2016 in
282 1970 374 2035 densos
388 1971 474 2018 alacer
486 1971 627 2019 Mezentius
640 1971 729 2020 hostis.

60 2060 109 2104 730
129 2057 250 2103 sternitur
262 2058 353 2107 infelix
361 2038 453 2107 ⁵Acr0n
468 2066 492 2107 et
505 2060 618 2108 calcibus
632 2068 715 2110 atram

130 2145 214 2191 tundit
230 2146 337 2194 humum
357 2148 477 2210 expirans
491 2149 651 2212 infractaque
664 2151 716 2198 tela
728 2158 853 2200 cruentat.

129 2240 205 2295 utque
218 2234 286 2282 idem
299 2236 439 2298 fugientem
453 2237 521 2285 haud
536 2245 574 2286 est
586 2238 706 2300 dignatus
720 2239 824 2288 Oroden

129 2330 241 2370 sternere
254 2339 301 2372 nec
314 2325 382 2373 iacta
395 2341 500 2374 caecum
514 2327 574 2374 dare
587 2329 691 2390 cuspide
704 2329 812 2388 volnus;

129 2411 217 2458 obvius
231 2413 390 2476 adversoque
404 2415 515 2463 occurrit
527 2430 607 2478 seque
620 2417 673 2465 viro
688 2419 725 2465 vir

59 2502 108 2546 735
129 2502 246 2560 contulit,
262 2503 330 2551 haud
345 2503 413 2550 furto
426 2503 526 2563 melior,
542 2505 586 2553 sed
601 2506 709 2554 fortibus
723 2507 809 2554 armis.

128 2597 181 2636 tum
195 2606 272 2652 super
284 2592 412 2640 abiectum
425 2593 509 2655 posito
523 2595 588 2657 pede
602 2595 677 2642 nixus
691 2602 717 2643 et
729 2595 802 2644 hasta

125 2668 194 2745 ‘pars
208 2680 268 2729 belli
282 2680 351 2730 baud
360 2682 506 2741 temnenda,
521 2683 578 2743 viri,
588 2676 859 2732 iacetaitusfbrnbe&=
