1816 2956
86 183 147 230 318
206 193 232 231 Ρ.
250 191 338 231 VERG.
354 191 427 230 Mna.
446 190 596 230 Anumnos
613 192 701 231 LIBER
718 192 757 231 vl.
802 190 804 194 ’

154 340 279 398 munere'
304 348 341 396 sie
354 355 409 395 tote
420 348 518 410 passim
530 348 637 410 regione
649 356 777 410 vagantur

155 438 221 487 ueris
234 437 261 485 in
275 437 372 498 eampis
385 436 444 484 latis
458 445 535 499 atque
549 437 637 486 omnia
649 438 768 485 lustrant.

155 541 223 590 quae
234 533 373 588 postquam
384 525 613 574 Anchisesnatum
625 541 671 588 per
688 527 793 588 singula
810 527 889 576 duxit

154 615 320 677 incenditque
332 614 448 662 animum
460 614 544 663 famae
557 615 681 663 venientis
694 628 792 674 amore,

84 709 135 753 890
154 704 223 753 exim
236 703 306 752 bella
318 704 372 751 viro
386 710 513 752 memorat
525 719 592 766 quae
605 704 698 752 deinde
710 704 837 764 gerenda,

153 792 343 856 Laurentisque
356 793 432 841 docet
444 793 556 855 populos
569 790 711 855 urbemque
724 792 824 853 Latini,
893 818 896 823 -

154 888 179 930 et
190 896 242 944 quo
254 895 383 943 quemque
393 881 471 928 modo
483 881 616 944 fugiatque
629 881 745 942 feretque
755 881 885 931 laborem.

189 967 257 1018 Sunt
279 970 398 1031 geminae
422 969 512 1018 Somni
536 976 642 1032 portae3
669 984 779 1031 quntum
802 972 889 1022 altera

455 1058 535 1106 fertur

154 1162 257 1206 eomes,
273 1161 325 1210 qna
337 1147 402 1195 veris
415 1147 499 1196 fneilis
513 1148 588 1195 datur
601 1146 684 1194 exitus
697 1146 805 1207 umbris,

83 1241 133 1284 895
155 1237 237 1285 altera
250 1236 371 1285 candenti
384 1235 497 1299 perfecta
506 1236 593 1284 nitens
607 1235 755 1298 elephanto,

154 1325 198 1374 sed
212 1325 279 1373 falas
291 1324 324 1372 ud
337 1326 438 1373 eaelum
451 1325 556 1372 mittunt
568 1324 698 1372 insomnia
710 1339 810 1391 manes.

154 1413 196 1462 hie
208 1412 253 1461 ubi
266 1420 322 1462 tum
334 1421 424 1462 natum
436 1413 564 1462 Anchises
577 1428 680 1475 unaque
694 1411 824 1475 Sibyllam

154 1503 318 1566 prosequitur
331 1502 406 1550 dictis
418 1509 550 1564 portaque·
558 1502 651 1550 emittit
663 1502 770 1561 eburna,

154 1593 198 1641 ille
211 1592 279 1640 viam
291 1599 362 1640 secat
374 1591 407 1639 ad
419 1591 491 1639 navis
505 1592 641 1653 sociosque
655 1591 755 1649 revisit3

85 1685 135 1728 900
155 1688 209 1729 tum
222 1695 249 1730 se
262 1663 301 1729 ad.
310 1679 416 1730 Caietae
429 1687 499 1727 recto
512 1680 561 1727 fert
574 1680 648 1728 litore
661 1686 774 1742 portum.

154 1784 251 1819 ancora
264 1771 295 1818 de
308 1784 385 1833 prora
397 1769 504 1828 iacitur3
525 1775 595 1816 stant
606 1769 681 1816 litore
694 1783 804 1830 puppes.
