1816 2956
276 185 446 227 eucnemon
467 186 555 226 urana
571 185 602 225 11.
795 172 833 222 dt

56 352 89 394 40
111 360 126 393 o
141 346 227 403 decus,
243 359 259 393 0
272 344 356 392 famae
369 343 460 392 merito
473 357 532 406 pars
544 343 658 390 maxima
671 349 782 401 nostrae,

110 435 256 492 Maecenas,
272 433 419 496 pelagoque
431 433 521 480 volans
535 432 637 480 davala
650 432 756 494 patenti.

111 538 163 571 non
177 536 225 584 ego
239 528 332 570 cuncta
345 521 408 570 meis
422 521 541 583 amplecti
553 520 667 569 versibus
680 526 751 582 opto,

111 626 164 660 non
177 611 240 659 mihi
254 611 275 659 si
289 612 394 672 linguae
408 617 510 658 centum
522 611 574 658 sint
586 624 683 672 oraque
696 616 807 670 centum,

111 701 193 749 ferrea
205 716 264 748 vox.
292 701 353 748 ades
367 707 391 748 et
404 699 478 762 primi
493 699 550 760 lege
563 699 645 747 litoris
658 714 746 760 oram3

56 797 89 838 45
111 791 138 838 in
151 789 270 838 manibus
283 797 378 837 terrae:
394 801 447 834 non
461 786 503 835 hic
515 794 540 835 tc
553 788 666 836 carmine
678 789 738 837 fleto

111 885 188 940 atque
201 891 247 940 per
259 877 380 938 ambages
394 882 419 924 et
431 877 511 937 longa
524 891 616 925 exorsa
629 878 729 924 tenebo.

147 965 245 1028 Sponte
258 980 305 1012 saa
318 979 383 1026 quae
397 978 424 1011 se
437 965 533 1012 tollunt
545 965 570 1011 in
585 966 690 1012 luminis
704 980 771 1022 oras,

110 1054 250 1103 infecunda
264 1052 376 1114 quidem,
392 1053 436 1100 sed
450 1053 519 1100 laeta
532 1061 557 1101 et
569 1054 647 1101 fortia
659 1061 783 1115 atrrgunt3

112 1140 471 1206 quippesolonaturasubest.
487 1142 838 1206 tamenhaecquoquesiquis

57 1238 90 1280 50
112 1232 208 1279 inserat
220 1237 265 1278 aut
278 1229 410 1277 scrobibus
424 1231 530 1278 mandet
542 1239 640 1279 mutata
652 1231 773 1290 subactis,

111 1320 230 1368 exuerint
242 1319 383 1366 silvestrem
401 1320 515 1366 animum
529 1321 651 1383 cultuque
664 1321 790 1383 frequenti

111 1409 138 1456 in
153 1423 328 1470 quascumque
340 1423 416 1456 voces
430 1415 497 1456 artes
511 1409 579 1456 haud
597 1411 671 1457 tarda
689 1417 836 1472 sequentur.

112 1511 226 1545 necnon
240 1503 265 1544 et
278 1497 371 1544 sterilis
386 1512 452 1559 quae
464 1497 585 1560 stirpibus
599 1499 652 1546 exit
665 1498 696 1545 ab
710 1499 768 1546 imis

112 1585 163 1633 hoc
175 1585 261 1643 faciet,
275 1600 370 1634 vacuos
384 1586 404 1632 si
418 1585 452 1632 sit-
464 1585 564 1646 digesta
576 1601 622 1647 per
635 1601 725 1648 agros:

58 1682 91 1723 55
113 1689 183 1722 nunc
195 1675 263 1722 altae
276 1674 380 1722 frondes
394 1682 419 1722 et
432 1674 495 1721 rami
508 1675 597 1722 matris
611 1684 723 1738 opacant

113 1764 289 1825 crescentique
303 1764 420 1811 adimunt
432 1763 497 1811 fetus
512 1771 640 1826 uruntque
653 1764 785 1813 ferentem.

112 1853 166 1900 iam
179 1867 246 1914 quae
259 1852 399 1901 seminibus
412 1852 486 1900 iactis
499 1867 526 1900 se
539 1853 642 1901 sustulit
654 1853 738 1912 arbos,

113 1941 188 1988 tarda
200 1941 277 2000 venit,
293 1941 356 1990 seris
369 1941 469 1989 lactura
482 1941 618 2003 nepotibus
632 1942 758 2000 umbram,

113 2044 242 2092 pomaque
256 2030 414 2090 degenerant
427 2044 501 2078 sucos
515 2012 596 2077 oblita
610 2032 707 2093 priores

58 2124 93 2166 50
115 2125 139 2166 et
153 2119 232 2180 turpis
246 2118 334 2166 avibus
348 2118 471 2181 praedam
485 2118 534 2166 fert
546 2134 595 2166 uva
608 2134 731 2168 racemos.

150 2205 256 2255 Scilicet
267 2207 387 2255 omnibus
400 2215 438 2255 est
450 2207 524 2255 labor
535 2202 713 2270 inpendendus
722 2217 842 2263 ctomnes

114 2296 247 2357 cogendae
259 2296 288 2342 in
301 2296 401 2344 sulcum
416 2310 445 2343 ac
458 2297 539 2343 multa
553 2297 669 2345 mercede
686 2298 839 2346 domandae.

114 2384 159 2432 sed
173 2384 270 2431 truncis
284 2385 358 2431 oleae
371 2385 472 2443 melius,
488 2379 631 2446 propagine
644 2386 706 2433 vites

114 2472 281 2534 respondent,
297 2472 382 2520 solido
394 2471 512 2537 Paphiae
526 2474 559 2524 dc
571 2475 672 2526 robore
682 2482 810 2539 marrus„

55 2565 89 2604 65
104 2558 203 2616 plantis
215 2565 242 2604 et
253 2560 333 2609 durae
347 2565 431 2627 coryli
445 2577 601 2620 nascuntur
615 2578 645 2621 et
658 2569 763 2633 ingens

89 2641 207 2688 narinus
218 2644 428 2721 Herculeaeque
441 2662 530 2715 arbos
546 2665 696 2715 umbrosa
709 2667 847 2714 coronas
