1816 2956
434 176 521 218 cluis.

149 337 286 400 puniceam
300 336 429 387 concussit
441 349 509 399 apex
520 335 547 383 in
560 334 654 383 vertice
667 334 782 384 cristam.

149 433 176 473 at
188 425 274 473 mollis
287 427 370 475 varies
383 427 501 474 intexens
514 425 604 488 plume
617 425 718 472 colores

149 528 323 564 marmoreum
336 515 433 563 volueri
446 514 546 562 vestivit
558 514 670 576 tegmine
684 527 780 576 corpus

150 603 271 665 lentaque
284 611 420 667 perpetuas
433 602 555 650 fuderunt
567 601 689 650 bracchia
702 603 807 664 pinnas.

93 695 129 738 Ὶ05
150 690 210 738 inde
223 692 288 740 alias
301 700 386 755 partes
399 691 532 754 minioque
544 690 640 738 insecta
652 690 756 738 rubenti

151 793 226 827 crura
237 794 305 827 nova
317 780 412 828 macies
426 779 535 827 obduxit
547 779 667 841 squalida
680 779 743 841 pelli

150 867 295 930 etpedibus
308 869 400 916 teneris
414 882 514 930 ungnes
528 867 618 915 adfixit
630 873 729 914 acutos.

150 963 272 1004 ettamen
286 957 335 1004 hee
349 957 452 1005 demum
465 957 573 1004 miserae
586 970 736 1004 succurrere
752 965 829 1019 paeto

150 1044 192 1090 vix
204 1043 288 1092 fuerat
301 1046 404 1108 placida
416 1045 528 1108 Neptuni
543 1044 653 1106 coniuge
666 1043 786 1105 dignum.

81 1136 130 1179 510
150 1146 291 1195 numquam
304 1133 377 1181 illem
391 1133 526 1195 posthaec
540 1133 608 1181 oeuli
622 1132 708 1181 videre
721 1149 830 1182 suorum

150 1235 291 1284 purpureas
305 1221 370 1270 flavo
384 1222 536 1270 retinentem
550 1222 643 1269 vertice
656 1222 743 1280 vittas,

150 1322 202 1355 non
216 1309 344 1357 thalamus
358 1309 436 1371 Tyrio
449 1310 567 1372 fragrans
581 1310 680 1372 aceepit
693 1325 811 1369 amomo,

151 1397 238 1444 nullae
251 1398 323 1446 illam
337 1399 425 1446 sedes:
446 1399 506 1461 qnid
521 1400 589 1446 enim
603 1413 661 1446 eum
675 1397 784 1447 sedibus
798 1401 853 1448 illi?

152 1499 217 1546 quae
231 1486 305 1533 simul
320 1494 348 1533 ut
360 1501 415 1534 sese
429 1500 494 1534 eane
509 1486 540 1534 de
553 1486 654 1547 gurgite
667 1486 747 1534 velox

82 1579 130 1621 515
152 1589 209 1621 eum
223 1575 309 1621 souitu
322 1575 354 1622 ad
370 1575 468 1622 eaelum
482 1575 648 1622 stridentibus
662 1575 760 1623 extulit
774 1578 823 1625 alis

151 1669 175 1710 et
188 1662 297 1709 multum
311 1664 362 1710 late
376 1663 495 1725 dispersit
508 1663 534 1708 in
549 1677 663 1724 aequora
676 1677 777 1724 rorem,

152 1750 242 1799 infelix
254 1751 326 1812 virgo
341 1752 497 1812 nequiquam
512 1767 527 1798 a
540 1758 622 1797 morte
634 1759 742 1812 recepta

151 1839 276 1886 incultum
289 1840 351 1886 solis
365 1840 391 1886 iu
405 1839 511 1900 rupibus
525 1839 605 1899 exigit
618 1852 719 1897 aevum,

152 1928 257 1989 rupibus
271 1935 295 1974 et
309 1928 422 1989 seopulis
436 1936 461 1974 et
475 1927 591 1974 litoribus
606 1927 723 1975 desertis.

82 2021 132 2062 520
152 2029 199 2062 nec
213 2021 298 2061 tamen
316 2015 365 2062 hec
384 2017 476 2063 iterum
489 2030 574 2077 poena
587 2015 656 2062 sine:
679 2031 798 2080 namque
813 2021 842 2066 (le

453 2119 506 2162 rex,

152 2191 239 2238 omnia
253 2192 295 2252 qui
309 2192 416 2253 imperio
431 2201 554 2241 terrarum
569 2192 640 2239 milia
653 2202 749 2252 versut,

152 2287 295 2327 commotus
309 2282 387 2328 talem
401 2283 432 2328 ud
447 2296 553 2344 superes
567 2281 675 2328 volitare
689 2285 820 2342 puellam,

153 2369 213 2415 duur
227 2376 299 2430 pater
315 2370 442 2416 extinctus
457 2385 535 2418 eueea
548 2370 594 2416 sub
609 2377 683 2416 nocte
698 2370 803 2432 lateret,

152 2457 190 2503 illi
204 2472 250 2519 pro
264 2457 357 2519 pietate
371 2474 417 2504 suu
431 2458 504 2520 (nam
517 2473 594 2520 saepe
608 2458 738 2506 nitentum

83 2551 132 2593 525
152 2547 279 2607 sanguiue
292 2554 424 2593 taurorum
438 2548 547 2609 supplex
561 2556 717 2608 resperserat
732 2566 799 2598 atriis.

152 2649 230 2700 saepe
243 2636 319 2683 deum
333 2635 407 2696 large
420 2636 554 2682 deeernrat
566 2651 672 2683 munere
688 2638 778 2701 sedes)
