1816 2956
72 184 131 232 366
309 193 335 232 Ρ.
352 192 473 231 vunmm
493 189 624 231 nuncius

139 351 192 398 iam
204 358 258 397 tum
271 349 363 410 religio
376 349 484 412 pavidos
497 349 608 397 terrebat
620 348 728 410 agrestis

70 444 121 487 350
141 439 197 486 dira
209 438 270 496 loci,
285 437 336 485 iam
350 445 405 484 tum
418 438 509 485 silvam
522 451 665 500 saxumque
678 438 836 488 tremebant.

136 517 197 575 ‘hoc
210 540 309 585 nemus,
326 517 401 573 hunc’
414 527 498 588 inquit
508 517 642 574 ‘frondoso
654 527 751 575 vertice
765 528 869 585 collem,
880 543 883 547 ’

140 616 197 678 quis
221 615 283 663 deus
306 616 432 663 incertum
452 623 503 673 est,
526 615 626 663 habitat
645 615 725 675 deus;
753 617 870 666 Arcades

440 703 525 765 ipsum

141 794 249 842 credunt
261 807 289 840 se
301 793 395 840 vidisse
408 794 503 850 Iovem,
520 808 578 840 cum
591 807 667 855 saepe
680 793 832 854 nigrantem

141 883 236 944 aegida
249 888 397 931 concuteret
409 882 499 929 dextra
512 881 664 943 nimbosque
678 882 766 930 cieret.

70 977 120 1020 355
141 972 205 1020 hacc
218 971 270 1018 dno
283 977 416 1032 praeterea
429 969 541 1018 disiectis
555 970 652 1032 oppida
664 971 756 1029 muris,

140 1060 262 1123 reliquias
276 1067 440 1120 veterumque
453 1059 522 1106 vides
535 1064 703 1105 monumenta
714 1057 842 1106 virorum.

140 1150 208 1199 hanc
221 1149 299 1196 lanus
312 1155 393 1210 pater,
409 1147 476 1195 hanc
489 1145 615 1195 Saturnus
634 1147 753 1194 condidit
762 1147 870 1206 urbem3

139 1238 285 1286 Ianiculum
298 1235 366 1295 huic,
383 1236 421 1283 illi
435 1235 519 1284 fuerat
531 1234 653 1284 Saturnia
665 1227 784 1283 nomon?

140 1325 234 1375 talibus
247 1325 314 1373 inter
327 1339 353 1372 se
367 1325 441 1371 dictis
461 1325 493 1371 ad
507 1331 574 1373 tecta
587 1323 708 1371 subibant

70 1421 121 1464 360
140 1415 260 1477 pauperis
272 1413 387 1460 Euandri
401 1413 548 1476 passimque
561 1419 677 1460 armenta
688 1412 815 1462 videbant

140 1504 311 1565 Romanoque
324 1502 381 1549 foro
395 1508 420 1549 ct
432 1502 509 1548 lautis
522 1501 622 1562 mugire
636 1499 748 1548 Carinis.

142 1600 171 1639 ut
182 1598 285 1640 ventum
299 1593 331 1638 ad
345 1592 428 1648 sedes,
440 1580 523 1638 ‘hacc’
536 1578 733 1652 inquit‘limina
746 1590 832 1638 victor

140 1682 246 1730 Alcides
261 1680 346 1738 subiit,
362 1679 426 1727 haec
440 1680 513 1726 illum
527 1679 598 1740 regia
611 1678 687 1740 cepit.

142 1771 223 1829 aude,
239 1770 347 1830 hospes,
369 1775 532 1815 contemnere
546 1782 607 1829 opes
621 1774 682 1814 otte
697 1781 806 1829 quoque
819 1768 871 1828 dig·

442 1872 504 1903 num

71 1953 122 1996 365
142 1948 211 2008 finge
224 1947 272 1994 dco
286 1946 413 2008 rebusque
425 1946 482 1993 reni
497 1960 548 1991 non
561 1959 635 2006 asper
649 1935 757 2004 egenis'

143 2036 208 2083 dixit
220 2043 245 2083 et
257 2035 358 2096 angusti
373 2035 459 2082 subtcr
472 2034 575 2094 fastigia
588 2033 646 2080 tecti

141 2125 273 2186 ingentem
286 2126 393 2172 Aenean
408 2124 481 2170 duxit
493 2123 629 2183 stratisque
643 2121 738 2169 locavit

142 2213 259 2261 effultum
272 2213 340 2261 foliis
355 2222 379 2260 et
391 2213 459 2274 pelle
472 2211 611 2272 Libystidis
626 2225 708 2258 ursae.

177 2301 236 2348 Nox
248 2303 301 2348 ruit
313 2310 337 2349 et
351 2301 428 2348 fuscis
442 2301 560 2348 tellurem
574 2298 738 2361 amplectitur
750 2299 811 2346 alis.

72 2396 123 2440 370
143 2398 169 2438 ut
182 2391 270 2438 Venus
283 2389 352 2438 haud
366 2390 453 2436 animo
466 2389 624 2450 nequiquam
643 2387 766 2435 exterrita
779 2396 870 2446 mater,

135 2480 353 2544 Laurentumque
365 2478 443 2527 minis
457 2485 483 2526 ct
494 2478 557 2524 duro
570 2483 641 2522 mota
654 2477 777 2535 tumultu,

130 2574 287 2626 Volcanum
315 2571 473 2637 adloquitur
494 2567 667 2623 tlialanittxxm
677 2562 749 2607 ‘im
765 2565 880 2620 2³³¹<th

466 2671 551 2709 aureo
