1816 2956
105 166 166 213 358
344 176 370 212 Ρ.
388 175 508 214 1111115111
529 174 659 213 nnaoars

174 331 242 378 idem
257 331 330 379 Atlas
344 339 449 392 generat
463 331 527 379 caeli
541 332 585 392 qui
598 331 684 379 sidera
697 332 774 379 tollit.

174 420 211 467 sic
223 433 304 480 genus
319 419 454 466 amborum
466 419 561 467 scindit
573 434 599 468 se
612 421 739 481 sanguine
752 420 787 470 ab
801 436 867 470 uno.

174 507 213 554 his
227 507 305 554 fretus
319 522 371 554 non
386 509 484 568 legatos
497 522 581 570 neque
595 509 678 570 prima
691 523 737 571 per
750 517 836 559 artem

173 601 357 656 temptamenta
370 597 406 644 tui
420 596 522 658 pepigi;
543 611 593 654 mc,
608 611 649 645 me
662 597 717 658 ipse
730 612 875 662 meumque

104 688 152 730 145
174 683 255 731 obieci
270 691 347 745 caput
360 691 385 732 et
396 683 506 746 supplex
520 685 551 732 ad
567 685 656 733 limina
668 685 735 732 veni.

173 787 236 834 gens
250 773 339 820 eadem
353 787 419 834 quae
432 779 456 820 te
470 773 567 821 crudeli
580 773 685 820 Daunia
698 772 767 821 bello

172 861 332 923 insequitur3
352 876 399 908 nos
413 862 433 908 si
448 862 554 922 pellant,
570 861 634 908 nihil
649 862 719 909 at'ore
732 864 844 910 credant

173 949 236 1011 quin
250 964 352 997 omnem
367 949 518 1011 Hesperiam
531 951 632 1012 penitus
645 965 692 997 sua
705 950 752 997 sub
765 950 832 1013 iuga
849 953 901 999 mit

476 1046 532 1086 tant

173 1133 198 1174 et
210 1141 281 1174 mare
295 1126 364 1188 quod
377 1141 455 1187 supra
467 1135 572 1175 teneant
585 1128 706 1191 qnodque
724 1128 810 1176 adluit
827 1129 901 1177 infra

104 1218 153 1262 150
173 1215 261 1277 accipe
275 1215 360 1277 daque
373 1215 458 1263 fidem.
487 1223 547 1264 sunt
559 1216 633 1264 nohis
647 1216 724 1263 fortia
736 1216 809 1265 bello

172 1310 287 1366 pectora,
303 1311 362 1351 sunt
375 1304 453 1351 animi
467 1312 492 1353 et
504 1304 579 1353 rebus
593 1312 708 1367 spectata
719 1296 862 1353 iuventus'

207 1392 316 1440 Dixerat
329 1393 441 1440 Aeneas.
468 1394 512 1441 ille
526 1408 554 1440 os
569 1394 710 1456 oculosque
723 1394 858 1456 loquentis

172 1480 315 1529 iandudum
328 1488 353 1529 et
366 1487 448 1528 totum
461 1480 588 1529 lustrabat
601 1483 699 1530 lumine
713 1497 818 1544 eorpus.

172 1576 226 1617 turn
239 1570 276 1618 sic
288 1584 373 1632 pauca
385 1570 469 1618 refert.
497 1571 534 1617 ‘ut
552 1577 589 1630 te,
610 1571 748 1618 fortissime
761 1570 901 1620 Teucrum}

104 1662 152 1705 155
174 1658 273 1721 accipio
288 1658 471 1720 adgnoscoque
486 1659 583 1706 libens!
604 1667 632 1706 ut
644 1659 721 1706 verba
734 1661 852 1721 parentis

172 1754 198 1795 et
209 1761 298 1795 vocem
311 1747 441 1796 Anchisae
454 1748 541 1807 magni
555 1749 704 1809 voltumque
717 1749 860 1797 recordor!

172 1851 232 1884 nam
246 1837 350 1884 memini
364 1835 493 1884 Hesionae
506 1837 629 1884 visentem
643 1850 722 1897 regna
735 1839 835 1885 sororis

172 1925 412 1973 Laomedontiaden
425 1924 565 1983 Priamum,
582 1923 715 1972 Salamina
727 1932 871 1986 petentem,

172 2014 289 2076 protinus
303 2014 432 2062 Arcadiae
445 2015 545 2076 gelidos
559 2014 667 2061 invisere
680 2013 747 2060 finis.

103 2107 152 2151 160
173 2110 227 2150 tum
240 2102 303 2149 mihi
316 2103 400 2164 prima
413 2117 492 2164 genas
505 2102 614 2150 vestibat
626 2103 687 2149 flore
701 2103 831 2162 iuventas,

172 2190 335 2254 mirabarque
349 2192 427 2239 duces
441 2191 564 2248 Teucros,
580 2191 693 2237 mirabar
708 2199 732 2238 et
745 2191 834 2253 ipsum

170 2279 420 2338 Laomedontiaden,
437 2280 481 2328 scd
496 2279 593 2327 cunctis
608 2280 683 2326 altior
696 2279 750 2326 ibat

171 2368 308 2417 Anchises.
335 2369 399 2417 mihi
412 2383 484 2416 mens
498 2368 608 2416 iuvenali
622 2367 729 2416 ardebat
742 2383 834 2418 amore

172 2459 328 2523 compellare
343 2458 425 2504 virum
439 2464 464 2504 et
477 2457 581 2504 dextrae
595 2457 752 2517 coniungere
766 2458 901 2518 dextram}

85 2551 139 2597 165
159 2550 263 2602 accessi
278 2558 306 2602 et
319 2549 433 2616 cupidus
446 2546 550 2596 Phenei
561 2545 609 2592 sah
621 2545 728 2590 moenia
737 2546 810 2588 anah.

145 2642 199 2696 iiie
214 2645 285 2696 mihi
302 2645 447 2711 insignem
461 2639 622 2706 pharetram
629 2629 782 2689 tradicentis
792 2627 901 2679 sagam
