1816 2956
108 173 168 220 564
464 178 550 218 erius.

176 338 325 386 Leucothea
337 351 482 399 parvusque
495 335 544 383 dee
558 349 616 382 cum
628 338 711 382 matre
722 332 875 390 Palaemon,

177 428 250 476 illam
264 426 351 484 etiam,
367 427 479 473 alternas
492 423 575 471 sortiti
588 423 671 471 vivere
685 423 767 480 luces,

179 531 239 564 cara
251 515 319 562 Iovis
333 514 445 570 suboles,
461 526 585 574 magnum
597 510 665 558 Iovis
678 511 877 570 incrementum,

178 603 341 665 Tyndaridae
355 604 442 649 niveos
455 601 581 648 mirantur
593 600 700 661 virginis
714 607 797 648 artus.

108 699 160 740 400
179 691 225 739 hus
239 692 304 739 adeo
317 705 392 739 voees
406 697 482 752 atque
495 689 560 737 haec
573 689 686 736 lamenta
699 704 747 751 per
761 704 838 738 auras

179 780 297 827 fluctibus
311 779 337 826 in
350 779 441 826 mediis
454 786 546 840 questu
559 778 677 825 volvebat
689 777 774 836 inani,

181 869 212 916 ad
227 869 328 916 eaelum
341 868 432 915 infelix
445 867 562 915 ardentia
576 867 675 914 lumina
688 867 811 926 tendens,

180 957 292 1004 lumina:
308 971 368 1003 nam
381 962 481 1003 teneras
495 954 618 1003 arcebant
630 955 736 1002 vincula
750 957 866 1018 palmas:

178 1035 339 1107 ‘supprimite
352 1059 367 1091 o
381 1045 498 1106 paullum
512 1043 605 1090 turbati
619 1043 725 1090 flamina
738 1045 819 1103 venti,

111 1139 161 1182 405
182 1134 243 1181 dum
257 1147 350 1195 queror
363 1141 387 1181 et
400 1133 471 1180 divos
485 1133 655 1195 (quamquem
668 1133 707 1179 nil
721 1134 833 1182 testibus
846 1134 880 1181 illi

183 1222 291 1285 profeci)
306 1229 420 1269 extrema
432 1222 544 1269 moriens
558 1227 644 1270 tamen
657 1221 790 1283 adloquor
804 1223 875 1270 bora.

182 1327 226 1358 vos
241 1325 297 1371 ego,
313 1325 357 1356 vos
372 1310 446 1368 adeo,
461 1310 537 1368 venti,
554 1309 675 1367 testabor,
691 1315 717 1357 et
731 1325 822 1372 arurae,

182 1414 235 1457 vos,
252 1399 397 1446 Pandionia
410 1399 477 1460 siqui
491 1399 522 1445 de
535 1404 611 1458 gente
624 1397 731 1444 venitis:

184 1488 302 1545 cernitis3
318 1487 363 1534 illu
377 1502 424 1548 ego
438 1502 495 1535 sum
508 1494 619 1547 cognato
633 1487 764 1547 sunguine
778 1489 851 1536 vobis

113 1581 163 1624 410
184 1575 270 1637 Scylla
284 1575 364 1637 (quod
380 1589 394 1622 ο
408 1575 478 1622 salva
492 1575 568 1622 liceat
580 1583 604 1623 te
618 1576 703 1622 dicere
717 1575 844 1639 Procne).

184 1664 229 1711 illa
243 1679 290 1723 ego
304 1679 360 1710 sum
373 1664 428 1711 Nisi
442 1664 562 1725 pollentis
577 1664 630 1710 tilia
643 1664 789 1724 (piendam,

184 1754 299 1801 certatim
313 1768 345 1800 ex
359 1753 428 1799 omni
442 1753 514 1814 petiit
528 1767 604 1813 quam
619 1750 730 1799 Graecia
745 1768 839 1814 regno,

184 1858 236 1903 qua
248 1856 338 1888 curvus
352 1848 430 1888 terras
444 1841 606 1902 amplectitur
619 1839 818 1902 Hellespontus,

183 1930 230 1977 illa
243 1944 291 1989 ego
304 1945 369 1986 sum,
385 1930 479 1986 Minos,
495 1935 595 1977 sacrato
609 1929 712 1976 foedere
728 1933 847 1979 coniunx

112 2023 163 2064 415
184 2018 253 2064 dieta
266 2017 326 2062 tibi:
343 2024 428 2065 tumen
442 2018 515 2076 haee,
531 2017 577 2064 etsi
591 2032 643 2063 non
657 2017 766 2079 aspicis,
783 2021 865 2069 audis.

183 2105 301 2151 vinetane
315 2113 368 2151 tam
382 2106 469 2166 magni
484 2106 591 2153 tranebo
604 2106 714 2166 gurgitis
730 2109 836 2155 undas?

183 2191 267 2238 vineta
281 2199 319 2238 tot
332 2194 452 2240 adsiduas
466 2194 584 2256 pendebo
598 2208 630 2241 ex
643 2194 736 2243 ordine
751 2197 842 2246 luces?

183 2292 235 2325 non
250 2281 368 2340 equidem
382 2297 422 2329 me
435 2283 487 2329 alio
501 2297 606 2344 possum
620 2284 780 2333 contendere
795 2287 882 2347 digner

184 2368 321 2429 supplicio,
338 2371 406 2430 quod
422 2371 458 2418 sie
472 2371 581 2432 patriam
595 2385 721 2432 carosque
737 2383 847 2434 penates

112 2457 164 2499 420
184 2454 299 2503 hostibus
313 2457 448 2520 inmitique
462 2460 549 2506 addixi
564 2461 655 2521 ignara
667 2466 792 2521 tyranno.

183 2560 270 2592 verum
283 2546 370 2604 istaec,
385 2547 479 2605 Minos,
495 2548 555 2595 illos
569 2548 694 2596 scelerata
707 2552 809 2611 putati,

183 2633 204 2680 si
218 2642 306 2682 nostra
319 2642 378 2683 ante
391 2636 485 2698 aliquis
498 2636 622 2685 nudasset
633 2636 740 2686 foedera
755 2655 841 2699 casus,
