<?xml version="1.0" encoding="UTF-8"?>
<!DOCTYPE html PUBLIC "-//W3C//DTD XHTML 1.0 Transitional//EN"
    "http://www.w3.org/TR/xhtml1/DTD/xhtml1-transitional.dtd">
<html xmlns="http://www.w3.org/1999/xhtml" xml:lang="en" lang="en">
 <head>
  <title>
</title>
<meta http-equiv="Content-Type" content="text/html;charset=utf-8" />
  <meta name='ocr-system' content='tesseract 3.04.00' />
  <meta name='ocr-capabilities' content='ocr_page ocr_carea ocr_par ocr_line ocrx_word'/>
</head>
<body>
  <div class='ocr_page' id='page_1' title='image "./pvergiliusmaro01virggoog/pvergiliusmaro01virggoog_0131.png"; bbox 0 0 1816 2956; ppageno 0'>
   <div class='ocr_carea' id='block_1_1' title="bbox 85 170 634 220">
    <p class='ocr_par' dir='ltr' id='par_1_1' title="bbox 85 170 634 220">
     <span class='ocr_line' id='line_1_1' title="bbox 85 170 634 220; baseline 0.005 -3"><span class='ocrx_word' id='word_1_1' title='bbox 85 170 141 218; x_wconf 75' lang='lat'><strong>122</strong></span> <span class='ocrx_word' id='word_1_2' title='bbox 319 180 346 219; x_wconf 74' lang='grc' dir='ltr'><strong>Ρ.</strong></span> <span class='ocrx_word' id='word_1_3' title='bbox 362 179 484 220; x_wconf 73' lang='lat' dir='ltr'><strong>vultum</strong></span> <span class='ocrx_word' id='word_1_4' title='bbox 504 179 634 220; x_wconf 83' lang='lat' dir='ltr'><strong>MARONIS</strong></span> 
     </span>
    </p>
   </div>
   <div class='ocr_carea' id='block_1_2' title="bbox 34 335 879 2790">
    <p class='ocr_par' dir='ltr' id='par_1_2' title="bbox 34 335 879 2790">
     <span class='ocr_line' id='line_1_2' title="bbox 149 335 787 400; baseline 0 -14"><span class='ocrx_word' id='word_1_5' title='bbox 149 351 352 400; x_wconf 75' lang='lat' dir='ltr'><strong>squamosusque</strong></span> <span class='ocrx_word' id='word_1_6' title='bbox 366 337 444 385; x_wconf 85' lang='lat' dir='ltr'><strong>draco</strong></span> <span class='ocrx_word' id='word_1_7' title='bbox 457 343 483 384; x_wconf 88' lang='lat' dir='ltr'><strong>ct</strong></span> <span class='ocrx_word' id='word_1_8' title='bbox 494 335 564 385; x_wconf 85' lang='lat' dir='ltr'><strong>fulva</strong></span> <span class='ocrx_word' id='word_1_9' title='bbox 578 337 674 385; x_wconf 86' lang='lat' dir='ltr'><strong>cervice</strong></span> <span class='ocrx_word' id='word_1_10' title='bbox 687 337 787 396; x_wconf 83' lang='lat' dir='ltr'><strong>leaena,</strong></span> 
     </span>
     <span class='ocr_line' id='line_1_3' title="bbox 150 424 878 488; baseline 0.005 -17"><span class='ocrx_word' id='word_1_11' title='bbox 150 432 195 471; x_wconf 84' lang='lat' dir='ltr'><strong>aut</strong></span> <span class='ocrx_word' id='word_1_12' title='bbox 207 441 294 472; x_wconf 83' lang='lat' dir='ltr'><strong>acrem</strong></span> <span class='ocrx_word' id='word_1_13' title='bbox 305 426 423 473; x_wconf 82' lang='lat' dir='ltr'><strong>flammae</strong></span> <span class='ocrx_word' id='word_1_14' title='bbox 435 426 549 473; x_wconf 88' lang='lat' dir='ltr'><strong>sonitum</strong></span> <span class='ocrx_word' id='word_1_15' title='bbox 562 424 634 474; x_wconf 87' lang='lat' dir='ltr'><strong>dabit</strong></span> <span class='ocrx_word' id='word_1_16' title='bbox 646 432 723 488; x_wconf 78' lang='lat' dir='ltr'><strong>atque</strong></span> <span class='ocrx_word' id='word_1_17' title='bbox 735 426 772 475; x_wconf 88' lang='lat' dir='ltr'><strong>ita</strong></span> <span class='ocrx_word' id='word_1_18' title='bbox 786 427 878 476; x_wconf 85' lang='lat' dir='ltr'><strong>vinclis</strong></span> 
     </span>
     <span class='ocr_line' id='line_1_4' title="bbox 79 511 780 575; baseline 0.009 -17"><span class='ocrx_word' id='word_1_19' title='bbox 79 515 131 558; x_wconf 85' lang='grc'><strong>410</strong></span> <span class='ocrx_word' id='word_1_20' title='bbox 151 511 259 570; x_wconf 75' lang='lat' dir='ltr'>excidet,</span> <span class='ocrx_word' id='word_1_21' title='bbox 275 511 359 561; x_wconf 86' lang='lat' dir='ltr'><strong>autin</strong></span> <span class='ocrx_word' id='word_1_22' title='bbox 371 526 452 575; x_wconf 86' lang='lat' dir='ltr'><strong>aquas</strong></span> <span class='ocrx_word' id='word_1_23' title='bbox 466 513 549 560; x_wconf 85' lang='lat' dir='ltr'><strong>tenuis</strong></span> <span class='ocrx_word' id='word_1_24' title='bbox 563 513 677 575; x_wconf 82' lang='lat' dir='ltr'><strong>dilapsus</strong></span> <span class='ocrx_word' id='word_1_25' title='bbox 690 514 780 565; x_wconf 87' lang='lat' dir='ltr'><strong>abibit.</strong></span> 
     </span>
     <span class='ocr_line' id='line_1_5' title="bbox 149 599 845 662; baseline 0.003 -14"><span class='ocrx_word' id='word_1_26' title='bbox 149 601 194 648; x_wconf 89' lang='lat' dir='ltr'><strong>sed</strong></span> <span class='ocrx_word' id='word_1_27' title='bbox 207 605 304 662; x_wconf 86' lang='lat' dir='ltr'><strong>quanto</strong></span> <span class='ocrx_word' id='word_1_28' title='bbox 317 599 363 648; x_wconf 91' lang='lat' dir='ltr'><strong>ille</strong></span> <span class='ocrx_word' id='word_1_29' title='bbox 375 600 458 662; x_wconf 86' lang='lat' dir='ltr'><strong>magis</strong></span> <span class='ocrx_word' id='word_1_30' title='bbox 471 600 566 649; x_wconf 84' lang='lat' dir='ltr'><strong>formas</strong></span> <span class='ocrx_word' id='word_1_31' title='bbox 579 616 606 650; x_wconf 88' lang='lat' dir='ltr'><strong>se</strong></span> <span class='ocrx_word' id='word_1_32' title='bbox 619 609 699 650; x_wconf 87' lang='lat' dir='ltr'><strong>vertet</strong></span> <span class='ocrx_word' id='word_1_33' title='bbox 711 603 738 650; x_wconf 90' lang='lat' dir='ltr'><strong>in</strong></span> <span class='ocrx_word' id='word_1_34' title='bbox 752 603 845 661; x_wconf 88' lang='lat' dir='ltr'><strong>omnis,</strong></span> 
     </span>
     <span class='ocr_line' id='line_1_6' title="bbox 150 687 773 751; baseline 0.005 -15"><span class='ocrx_word' id='word_1_35' title='bbox 150 694 231 748; x_wconf 89' lang='lat' dir='ltr'><strong>tanto,</strong></span> <span class='ocrx_word' id='word_1_36' title='bbox 247 695 316 748; x_wconf 88' lang='lat' dir='ltr'><strong>uate,</strong></span> <span class='ocrx_word' id='word_1_37' title='bbox 330 687 413 750; x_wconf 84' lang='lat' dir='ltr'><strong>magis</strong></span> <span class='ocrx_word' id='word_1_38' title='bbox 427 689 554 742; x_wconf 78' lang='lat' dir='ltr'><strong>contende</strong></span> <span class='ocrx_word' id='word_1_39' title='bbox 567 690 668 738; x_wconf 88' lang='lat' dir='ltr'><strong>tenacia</strong></span> <span class='ocrx_word' id='word_1_40' title='bbox 680 690 773 751; x_wconf 84' lang='lat' dir='ltr'><strong>vincla,</strong></span> 
     </span>
     <span class='ocr_line' id='line_1_7' title="bbox 150 777 717 840; baseline 0.004 -16"><span class='ocrx_word' id='word_1_41' title='bbox 150 777 233 825; x_wconf 87' lang='lat' dir='ltr'><strong>donec</strong></span> <span class='ocrx_word' id='word_1_42' title='bbox 246 777 306 826; x_wconf 84' lang='lat' dir='ltr'><strong>talis</strong></span> <span class='ocrx_word' id='word_1_43' title='bbox 320 777 367 826; x_wconf 88' lang='lat' dir='ltr'><strong>erit</strong></span> <span class='ocrx_word' id='word_1_44' title='bbox 379 784 479 825; x_wconf 88' lang='lat' dir='ltr'><strong>mutato</strong></span> <span class='ocrx_word' id='word_1_45' title='bbox 493 791 600 839; x_wconf 90' lang='lat' dir='ltr'><strong>corpore</strong></span> <span class='ocrx_word' id='word_1_46' title='bbox 614 779 717 840; x_wconf 89' lang='lat' dir='ltr'><strong>qualem</strong></span> 
     </span>
     <span class='ocr_line' id='line_1_8' title="bbox 149 859 777 928; baseline 0 -14"><span class='ocrx_word' id='word_1_47' title='bbox 149 865 242 915; x_wconf 85' lang='lat' dir='ltr'><strong>videris</strong></span> <span class='ocrx_word' id='word_1_48' title='bbox 255 865 358 928; x_wconf 89' lang='lat' dir='ltr'><strong>incepto</strong></span> <span class='ocrx_word' id='word_1_49' title='bbox 371 872 468 928; x_wconf 83' lang='lat' dir='ltr'><strong>tegeret</strong></span> <span class='ocrx_word' id='word_1_50' title='bbox 480 877 541 914; x_wconf 86' lang='lat' dir='ltr'><strong>cum·</strong></span> <span class='ocrx_word' id='word_1_51' title='bbox 551 867 651 916; x_wconf 88' lang='lat' dir='ltr'><strong>lumina</strong></span> <span class='ocrx_word' id='word_1_52' title='bbox 666 859 777 914; x_wconf 79' lang='lat' dir='ltr'><strong>sonmo.²</strong></span> 
     </span>
     <span class='ocr_line' id='line_1_9' title="bbox 80 954 875 1018; baseline 0.001 -16"><span class='ocrx_word' id='word_1_53' title='bbox 80 959 130 1003; x_wconf 82' lang='lat'><strong>415</strong></span> <span class='ocrx_word' id='word_1_54' title='bbox 151 955 215 1004; x_wconf 91' lang='lat' dir='ltr'><strong>haec</strong></span> <span class='ocrx_word' id='word_1_55' title='bbox 227 954 264 1005; x_wconf 82' lang='lat' dir='ltr'><strong>ait</strong></span> <span class='ocrx_word' id='word_1_56' title='bbox 276 961 301 1003; x_wconf 86' lang='lat' dir='ltr'><strong>et</strong></span> <span class='ocrx_word' id='word_1_57' title='bbox 313 954 441 1018; x_wconf 90' lang='lat' dir='ltr'><strong>liquidum</strong></span> <span class='ocrx_word' id='word_1_58' title='bbox 454 955 598 1003; x_wconf 76' lang='lat' dir='ltr'><strong>ambrosiae</strong></span> <span class='ocrx_word' id='word_1_59' title='bbox 617 955 738 1003; x_wconf 84' lang='lat' dir='ltr'><strong>diffundit</strong></span> <span class='ocrx_word' id='word_1_60' title='bbox 754 957 875 1005; x_wconf 85' lang='lat' dir='ltr'><strong>odorem:</strong></span> 
     </span>
     <span class='ocr_line' id='line_1_10' title="bbox 150 1025 704 1108; baseline 0 -17"><span class='ocrx_word' id='word_1_61' title='bbox 150 1025 202 1108; x_wconf 67' lang='lat' dir='ltr'><strong>duo</strong></span> <span class='ocrx_word' id='word_1_62' title='bbox 215 1050 298 1091; x_wconf 88' lang='lat' dir='ltr'><strong>totum</strong></span> <span class='ocrx_word' id='word_1_63' title='bbox 309 1042 363 1091; x_wconf 88' lang='lat' dir='ltr'><strong>nati</strong></span> <span class='ocrx_word' id='word_1_64' title='bbox 377 1057 469 1106; x_wconf 88' lang='lat' dir='ltr'><strong>corpus</strong></span> <span class='ocrx_word' id='word_1_65' title='bbox 483 1044 611 1106; x_wconf 80' lang='lat' dir='ltr'><strong>perduxit,</strong></span> <span class='ocrx_word' id='word_1_66' title='bbox 627 1044 704 1093; x_wconf 93' lang='lat' dir='ltr'><strong>atilli</strong></span> 
     </span>
     <span class='ocr_line' id='line_1_11' title="bbox 150 1131 705 1195; baseline -0.002 -13"><span class='ocrx_word' id='word_1_67' title='bbox 150 1133 232 1182; x_wconf 87' lang='lat' dir='ltr'><strong>dulcis</strong></span> <span class='ocrx_word' id='word_1_68' title='bbox 246 1131 386 1195; x_wconf 80' lang='lat' dir='ltr'><strong>conpositis</strong></span> <span class='ocrx_word' id='word_1_69' title='bbox 399 1131 506 1195; x_wconf 78' lang='lat' dir='ltr'><strong>spiravit</strong></span> <span class='ocrx_word' id='word_1_70' title='bbox 518 1132 629 1180; x_wconf 81' lang='lat' dir='ltr'><strong>crinibus</strong></span> <span class='ocrx_word' id='word_1_71' title='bbox 643 1148 705 1182; x_wconf 85' lang='lat' dir='ltr'><strong>aura</strong></span> 
     </span>
     <span class='ocr_line' id='line_1_12' title="bbox 117 1220 878 1285; baseline -0.003 -14.088"><span class='ocrx_word' id='word_1_72' title='bbox 117 1243 118 1246; x_wconf 43' lang='lat'>¹</span> <span class='ocrx_word' id='word_1_73' title='bbox 150 1229 227 1285; x_wconf 84' lang='lat' dir='ltr'><strong>atquc</strong></span> <span class='ocrx_word' id='word_1_74' title='bbox 240 1220 334 1271; x_wconf 86' lang='lat' dir='ltr'><strong>habilis</strong></span> <span class='ocrx_word' id='word_1_75' title='bbox 347 1220 468 1269; x_wconf 86' lang='lat' dir='ltr'><strong>membris</strong></span> <span class='ocrx_word' id='word_1_76' title='bbox 480 1221 549 1270; x_wconf 84' lang='lat' dir='ltr'><strong>venit</strong></span> <span class='ocrx_word' id='word_1_77' title='bbox 561 1221 643 1283; x_wconf 86' lang='lat' dir='ltr'><strong>vigor.</strong></span> <span class='ocrx_word' id='word_1_78' title='bbox 684 1228 722 1270; x_wconf 87' lang='lat' dir='ltr'><strong>est</strong></span> <span class='ocrx_word' id='word_1_79' title='bbox 734 1236 826 1284; x_wconf 87' lang='lat' dir='ltr'><strong>specus</strong></span> <span class='ocrx_word' id='word_1_80' title='bbox 840 1223 878 1269; x_wconf 91' lang='lat' dir='ltr'><strong>in·</strong></span> 
     </span>
     <span class='ocr_line' id='line_1_13' title="bbox 448 1308 732 1379; baseline 0 -21"><span class='ocrx_word' id='word_1_81' title='bbox 448 1324 529 1379; x_wconf 85' lang='lat' dir='ltr'><strong>gens</strong></span> <span class='ocrx_word' id='word_1_82' title='bbox 617 1360 620 1366; x_wconf 71' lang='grc'>,</span> <span class='ocrx_word' id='word_1_83' title='bbox 730 1308 732 1311; x_wconf 76' lang='grc'>’</span> 
     </span>
     <span class='ocr_line' id='line_1_14' title="bbox 151 1398 748 1461; baseline -0.002 -14"><span class='ocrx_word' id='word_1_84' title='bbox 151 1399 219 1447; x_wconf 88' lang='lat' dir='ltr'><strong>exesi</strong></span> <span class='ocrx_word' id='word_1_85' title='bbox 233 1399 312 1448; x_wconf 89' lang='lat' dir='ltr'><strong>latere</strong></span> <span class='ocrx_word' id='word_1_86' title='bbox 325 1399 352 1446; x_wconf 93' lang='lat' dir='ltr'><strong>in</strong></span> <span class='ocrx_word' id='word_1_87' title='bbox 365 1399 468 1457; x_wconf 87' lang='lat' dir='ltr'><strong>montis,</strong></span> <span class='ocrx_word' id='word_1_88' title='bbox 484 1413 535 1461; x_wconf 90' lang='lat' dir='ltr'><strong>quo</strong></span> <span class='ocrx_word' id='word_1_89' title='bbox 548 1398 661 1460; x_wconf 87' lang='lat' dir='ltr'><strong>plurima</strong></span> <span class='ocrx_word' id='word_1_90' title='bbox 673 1405 748 1447; x_wconf 86' lang='lat' dir='ltr'><strong>vento</strong></span> 
     </span>
     <span class='ocr_line' id='line_1_15' title="bbox 79 1487 879 1550; baseline -0.005 -14"><span class='ocrx_word' id='word_1_91' title='bbox 79 1493 130 1536; x_wconf 75' lang='lat'><strong>420</strong></span> <span class='ocrx_word' id='word_1_92' title='bbox 151 1488 252 1550; x_wconf 83' lang='lat' dir='ltr'><strong>cogitur</strong></span> <span class='ocrx_word' id='word_1_93' title='bbox 264 1488 343 1550; x_wconf 90' lang='lat' dir='ltr'><strong>inque</strong></span> <span class='ocrx_word' id='word_1_94' title='bbox 355 1488 426 1536; x_wconf 87' lang='lat' dir='ltr'><strong>sinus</strong></span> <span class='ocrx_word' id='word_1_95' title='bbox 440 1487 534 1536; x_wconf 85' lang='lat' dir='ltr'><strong>scindit</strong></span> <span class='ocrx_word' id='word_1_96' title='bbox 546 1502 601 1536; x_wconf 87' lang='lat' dir='ltr'><strong>sese</strong></span> <span class='ocrx_word' id='word_1_97' title='bbox 614 1488 684 1536; x_wconf 89' lang='lat' dir='ltr'><strong>unda</strong></span> <span class='ocrx_word' id='word_1_98' title='bbox 696 1487 827 1546; x_wconf 85' lang='lat' dir='ltr'><strong>reductos,</strong></span> <span class='ocrx_word' id='word_1_99' title='bbox 877 1528 879 1532; x_wconf 80' lang='grc'>,</span> 
     </span>
     <span class='ocr_line' id='line_1_16' title="bbox 150 1556 704 1639; baseline -0.002 -15"><span class='ocrx_word' id='word_1_100' title='bbox 150 1576 281 1639; x_wconf 88' lang='lat' dir='ltr'><strong>deprensis</strong></span> <span class='ocrx_word' id='word_1_101' title='bbox 295 1577 359 1624; x_wconf 92' lang='lat' dir='ltr'><strong>olim</strong></span> <span class='ocrx_word' id='word_1_102' title='bbox 371 1576 448 1626; x_wconf 83' lang='lat' dir='ltr'><strong>statio</strong></span> <span class='ocrx_word' id='word_1_103' title='bbox 461 1576 589 1625; x_wconf 85' lang='lat' dir='ltr'><strong>tutissima</strong></span> <span class='ocrx_word' id='word_1_104' title='bbox 602 1556 687 1625; x_wconf 89' lang='lat' dir='ltr'><strong>nautis</strong></span> <span class='ocrx_word' id='word_1_105' title='bbox 698 1593 704 1635; x_wconf 90' lang='lat'><strong>;</strong></span> 
     </span>
     <span class='ocr_line' id='line_1_17' title="bbox 149 1664 696 1726; baseline 0 -14"><span class='ocrx_word' id='word_1_106' title='bbox 149 1665 217 1714; x_wconf 89' lang='lat' dir='ltr'><strong>intus</strong></span> <span class='ocrx_word' id='word_1_107' title='bbox 231 1680 258 1715; x_wconf 91' lang='lat' dir='ltr'><strong>se</strong></span> <span class='ocrx_word' id='word_1_108' title='bbox 271 1665 335 1714; x_wconf 84' lang='lat' dir='ltr'><strong>vasti</strong></span> <span class='ocrx_word' id='word_1_109' title='bbox 348 1664 455 1713; x_wconf 87' lang='lat' dir='ltr'><strong>Proteus</strong></span> <span class='ocrx_word' id='word_1_110' title='bbox 469 1665 533 1726; x_wconf 83' lang='lat' dir='ltr'><strong>tegit</strong></span> <span class='ocrx_word' id='word_1_111' title='bbox 546 1664 619 1713; x_wconf 87' lang='lat' dir='ltr'><strong>obice</strong></span> <span class='ocrx_word' id='word_1_112' title='bbox 631 1666 696 1714; x_wconf 87' lang='lat' dir='ltr'><strong>saxi.</strong></span> 
     </span>
     <span class='ocr_line' id='line_1_18' title="bbox 150 1752 878 1817; baseline 0.003 -15"><span class='ocrx_word' id='word_1_113' title='bbox 150 1754 192 1803; x_wconf 94' lang='lat' dir='ltr'><strong>hic</strong></span> <span class='ocrx_word' id='word_1_114' title='bbox 204 1754 322 1803; x_wconf 89' lang='lat' dir='ltr'><strong>iuvenem</strong></span> <span class='ocrx_word' id='word_1_115' title='bbox 334 1754 362 1801; x_wconf 90' lang='lat' dir='ltr'><strong>iu</strong></span> <span class='ocrx_word' id='word_1_116' title='bbox 375 1752 480 1803; x_wconf 85' lang='lat' dir='ltr'><strong>latebris</strong></span> <span class='ocrx_word' id='word_1_117' title='bbox 493 1768 610 1802; x_wconf 85' lang='lat' dir='ltr'><strong>aversum</strong></span> <span class='ocrx_word' id='word_1_118' title='bbox 623 1769 639 1801; x_wconf 88' lang='lat' dir='ltr'><strong>a</strong></span> <span class='ocrx_word' id='word_1_119' title='bbox 652 1753 750 1802; x_wconf 88' lang='lat' dir='ltr'><strong>lumine</strong></span> <span class='ocrx_word' id='word_1_120' title='bbox 763 1755 878 1817; x_wconf 82' lang='lat' dir='ltr'><strong>nympha</strong></span> 
     </span>
     <span class='ocr_line' id='line_1_19' title="bbox 152 1842 803 1905; baseline -0.002 -14"><span class='ocrx_word' id='word_1_121' title='bbox 152 1844 272 1902; x_wconf 82' lang='lat' dir='ltr'><strong>collocat,</strong></span> <span class='ocrx_word' id='word_1_122' title='bbox 288 1843 345 1905; x_wconf 89' lang='lat' dir='ltr'><strong>ipsa</strong></span> <span class='ocrx_word' id='word_1_123' title='bbox 358 1843 448 1905; x_wconf 88' lang='lat' dir='ltr'><strong>procul</strong></span> <span class='ocrx_word' id='word_1_124' title='bbox 463 1842 563 1890; x_wconf 90' lang='lat' dir='ltr'><strong>nebulis</strong></span> <span class='ocrx_word' id='word_1_125' title='bbox 577 1842 686 1892; x_wconf 89' lang='lat' dir='ltr'><strong>obscura</strong></span> <span class='ocrx_word' id='word_1_126' title='bbox 699 1843 803 1891; x_wconf 82' lang='lat' dir='ltr'><strong>resistit.</strong></span> 
     </span>
     <span class='ocr_line' id='line_1_20' title="bbox 80 1929 741 1994; baseline 0.002 -15"><span class='ocrx_word' id='word_1_127' title='bbox 80 1936 129 1979; x_wconf 77' lang='lat'><strong>425</strong></span> <span class='ocrx_word' id='word_1_128' title='bbox 150 1932 202 1980; x_wconf 91' lang='lat' dir='ltr'><strong>iam</strong></span> <span class='ocrx_word' id='word_1_129' title='bbox 214 1931 320 1994; x_wconf 88' lang='lat' dir='ltr'><strong>rapidus</strong></span> <span class='ocrx_word' id='word_1_130' title='bbox 333 1937 433 1979; x_wconf 86' lang='lat' dir='ltr'><strong>torrens</strong></span> <span class='ocrx_word' id='word_1_131' title='bbox 446 1931 553 1979; x_wconf 88' lang='lat' dir='ltr'><strong>sitientis</strong></span> <span class='ocrx_word' id='word_1_132' title='bbox 567 1929 649 1980; x_wconf 87' lang='lat' dir='ltr'><strong>Sirius</strong></span> <span class='ocrx_word' id='word_1_133' title='bbox 662 1933 741 1980; x_wconf 91' lang='lat' dir='ltr'><strong>Indos</strong></span> 
     </span>
     <span class='ocr_line' id='line_1_21' title="bbox 150 2020 764 2081; baseline -0.003 -12"><span class='ocrx_word' id='word_1_134' title='bbox 150 2020 257 2069; x_wconf 88' lang='lat' dir='ltr'><strong>ardebat</strong></span> <span class='ocrx_word' id='word_1_135' title='bbox 270 2021 342 2068; x_wconf 89' lang='lat' dir='ltr'><strong>caelo</strong></span> <span class='ocrx_word' id='word_1_136' title='bbox 356 2027 381 2069; x_wconf 89' lang='lat' dir='ltr'><strong>et</strong></span> <span class='ocrx_word' id='word_1_137' title='bbox 392 2020 506 2067; x_wconf 87' lang='lat' dir='ltr'><strong>medium</strong></span> <span class='ocrx_word' id='word_1_138' title='bbox 519 2021 558 2067; x_wconf 90' lang='lat' dir='ltr'><strong>sol</strong></span> <span class='ocrx_word' id='word_1_139' title='bbox 572 2021 662 2081; x_wconf 84' lang='lat' dir='ltr'><strong>igneus</strong></span> <span class='ocrx_word' id='word_1_140' title='bbox 676 2020 764 2068; x_wconf 85' lang='lat' dir='ltr'><strong>orbem</strong></span> 
     </span>
     <span class='ocr_line' id='line_1_22' title="bbox 150 2108 831 2167; baseline 0.003 -12"><span class='ocrx_word' id='word_1_141' title='bbox 150 2109 278 2167; x_wconf 83' lang='lat' dir='ltr'><strong>hauserat,</strong></span> <span class='ocrx_word' id='word_1_142' title='bbox 295 2109 402 2158; x_wconf 85' lang='lat' dir='ltr'><strong>arebant</strong></span> <span class='ocrx_word' id='word_1_143' title='bbox 414 2108 509 2156; x_wconf 90' lang='lat' dir='ltr'><strong>herbae</strong></span> <span class='ocrx_word' id='word_1_144' title='bbox 522 2115 548 2157; x_wconf 82' lang='lat' dir='ltr'><strong>et</strong></span> <span class='ocrx_word' id='word_1_145' title='bbox 561 2125 623 2158; x_wconf 87' lang='lat' dir='ltr'><strong>cava</strong></span> <span class='ocrx_word' id='word_1_146' title='bbox 635 2109 742 2158; x_wconf 88' lang='lat' dir='ltr'><strong>flumina</strong></span> <span class='ocrx_word' id='word_1_147' title='bbox 755 2110 831 2158; x_wconf 90' lang='lat' dir='ltr'><strong>siccis</strong></span> 
     </span>
     <span class='ocr_line' id='line_1_23' title="bbox 150 2197 803 2261; baseline 0.002 -17"><span class='ocrx_word' id='word_1_148' title='bbox 150 2197 266 2246; x_wconf 86' lang='lat' dir='ltr'><strong>saucibus</strong></span> <span class='ocrx_word' id='word_1_149' title='bbox 279 2198 312 2246; x_wconf 85' lang='lat' dir='ltr'><strong>ad</strong></span> <span class='ocrx_word' id='word_1_150' title='bbox 326 2198 416 2246; x_wconf 90' lang='lat' dir='ltr'><strong>limum</strong></span> <span class='ocrx_word' id='word_1_151' title='bbox 430 2197 494 2246; x_wconf 89' lang='lat' dir='ltr'><strong>radii</strong></span> <span class='ocrx_word' id='word_1_152' title='bbox 509 2198 635 2260; x_wconf 82' lang='lat' dir='ltr'><strong>tepefacta</strong></span> <span class='ocrx_word' id='word_1_153' title='bbox 648 2197 803 2261; x_wconf 82' lang='lat' dir='ltr'><strong>coquebant,</strong></span> 
     </span>
     <span class='ocr_line' id='line_1_24' title="bbox 150 2287 812 2349; baseline 0.003 -15"><span class='ocrx_word' id='word_1_154' title='bbox 150 2301 208 2335; x_wconf 90' lang='lat' dir='ltr'><strong>curn</strong></span> <span class='ocrx_word' id='word_1_155' title='bbox 220 2287 328 2335; x_wconf 86' lang='lat' dir='ltr'><strong>Proteus</strong></span> <span class='ocrx_word' id='word_1_156' title='bbox 342 2293 464 2335; x_wconf 79' lang='lat' dir='ltr'><strong>consueta</strong></span> <span class='ocrx_word' id='word_1_157' title='bbox 478 2294 566 2349; x_wconf 87' lang='lat' dir='ltr'><strong>petens</strong></span> <span class='ocrx_word' id='word_1_158' title='bbox 580 2301 593 2335; x_wconf 91' lang='lat' dir='ltr'><strong>e</strong></span> <span class='ocrx_word' id='word_1_159' title='bbox 605 2287 724 2335; x_wconf 83' lang='lat' dir='ltr'><strong>fluctibus</strong></span> <span class='ocrx_word' id='word_1_160' title='bbox 737 2294 812 2336; x_wconf 88' lang='lat' dir='ltr'><strong>antra</strong></span> 
     </span>
     <span class='ocr_line' id='line_1_25' title="bbox 79 2375 740 2438; baseline -0.002 -15"><span class='ocrx_word' id='word_1_161' title='bbox 79 2380 130 2423; x_wconf 86' lang='grc'><strong>430</strong></span> <span class='ocrx_word' id='word_1_162' title='bbox 150 2375 218 2424; x_wconf 85' lang='lat' dir='ltr'><strong>ibat:</strong></span> <span class='ocrx_word' id='word_1_163' title='bbox 234 2390 292 2424; x_wconf 87' lang='lat' dir='ltr'><strong>eum</strong></span> <span class='ocrx_word' id='word_1_164' title='bbox 305 2375 368 2424; x_wconf 88' lang='lat' dir='ltr'><strong>vasti</strong></span> <span class='ocrx_word' id='word_1_165' title='bbox 383 2375 478 2423; x_wconf 87' lang='lat' dir='ltr'><strong>circum</strong></span> <span class='ocrx_word' id='word_1_166' title='bbox 491 2389 554 2436; x_wconf 83' lang='lat' dir='ltr'><strong>gens</strong></span> <span class='ocrx_word' id='word_1_167' title='bbox 567 2376 655 2425; x_wconf 87' lang='lat' dir='ltr'><strong>umida</strong></span> <span class='ocrx_word' id='word_1_168' title='bbox 669 2377 740 2438; x_wconf 91' lang='lat' dir='ltr'><strong>ponti</strong></span> 
     </span>
     <span class='ocr_line' id='line_1_26' title="bbox 150 2464 711 2526; baseline -0.002 -13"><span class='ocrx_word' id='word_1_169' title='bbox 150 2465 268 2513; x_wconf 84' lang='lat' dir='ltr'><strong>exultans</strong></span> <span class='ocrx_word' id='word_1_170' title='bbox 281 2479 364 2513; x_wconf 86' lang='lat' dir='ltr'><strong>rorem</strong></span> <span class='ocrx_word' id='word_1_171' title='bbox 378 2464 430 2512; x_wconf 88' lang='lat' dir='ltr'><strong>late</strong></span> <span class='ocrx_word' id='word_1_172' title='bbox 444 2464 567 2526; x_wconf 85' lang='lat' dir='ltr'><strong>dispergit</strong></span> <span class='ocrx_word' id='word_1_173' title='bbox 578 2479 711 2523; x_wconf 68' lang='lat' dir='ltr'><strong>amarum</strong></span> 
     </span>
     <span class='ocr_line' id='line_1_27' title="bbox 149 2553 795 2616; baseline 0.002 -16"><span class='ocrx_word' id='word_1_174' title='bbox 149 2560 267 2601; x_wconf 88' lang='lat' dir='ltr'><strong>sternunt</strong></span> <span class='ocrx_word' id='word_1_175' title='bbox 279 2568 306 2602; x_wconf 88' lang='lat' dir='ltr'><strong>se</strong></span> <span class='ocrx_word' id='word_1_176' title='bbox 318 2567 410 2601; x_wconf 90' lang='lat' dir='ltr'><strong>somno</strong></span> <span class='ocrx_word' id='word_1_177' title='bbox 424 2553 538 2601; x_wconf 84' lang='lat' dir='ltr'><strong>diversae</strong></span> <span class='ocrx_word' id='word_1_178' title='bbox 551 2553 577 2601; x_wconf 90' lang='lat' dir='ltr'><strong>in</strong></span> <span class='ocrx_word' id='word_1_179' title='bbox 592 2553 667 2601; x_wconf 86' lang='lat' dir='ltr'><strong>litore</strong></span> <span class='ocrx_word' id='word_1_180' title='bbox 680 2553 795 2616; x_wconf 83' lang='lat' dir='ltr'><strong>phocae3</strong></span> 
     </span>
     <span class='ocr_line' id='line_1_28' title="bbox 34 2641 762 2790; baseline -0.001 -101"><span class='ocrx_word' id='word_1_181' title='bbox 34 2660 71 2790; x_wconf 72' lang='grc' dir='ltr'>Ι</span> <span class='ocrx_word' id='word_1_182' title='bbox 148 2642 205 2703; x_wconf 86' lang='lat' dir='ltr'><strong>ipse</strong></span> <span class='ocrx_word' id='word_1_183' title='bbox 218 2643 287 2691; x_wconf 84' lang='lat' dir='ltr'><strong>velut</strong></span> <span class='ocrx_word' id='word_1_184' title='bbox 299 2641 393 2692; x_wconf 84' lang='lat' dir='ltr'><strong>stabuli</strong></span> <span class='ocrx_word' id='word_1_185' title='bbox 407 2648 492 2690; x_wconf 81' lang='lat' dir='ltr'><strong>custos</strong></span> <span class='ocrx_word' id='word_1_186' title='bbox 505 2641 532 2689; x_wconf 90' lang='lat' dir='ltr'><strong>iu</strong></span> <span class='ocrx_word' id='word_1_187' title='bbox 546 2641 676 2690; x_wconf 88' lang='lat' dir='ltr'><strong>montibus</strong></span> <span class='ocrx_word' id='word_1_188' title='bbox 690 2641 762 2700; x_wconf 90' lang='lat' dir='ltr'><strong>olim,</strong></span> 
     </span>
    </p>
   </div>
   <div class='ocr_carea' id='block_1_3' title="bbox 0 0 915 2956">
    <p class='ocr_par' dir='ltr' id='par_1_3' title="bbox 0 0 915 2956">
     <span class='ocr_line' id='line_1_29' title="bbox 0 0 915 2956; baseline 0 0"><span class='ocrx_word' id='word_1_189' title='bbox 0 0 915 2956; x_wconf 95' lang='lat' dir='ltr'><strong> </strong></span> 
     </span>
    </p>
   </div>
  </div>
 </body>
</html>
