1816 2956
288 199 457 243 ononotcon
473 198 561 242 0000
574 192 614 241 rt.
788 187 844 239 125

124 369 202 425 etque
213 360 308 410 Ixionii
321 366 396 409 vento
410 366 467 407 roto
480 359 594 407 constitit
606 358 683 406 orbis.

52 457 102 500 485
124 451 227 514 iamque
240 450 332 513 pedem
344 449 456 497 referens
470 463 544 498 cesus
558 455 673 497 evaserat
685 447 768 496 omnis

124 540 276 602 redditaque
287 538 415 601 Eurydice
427 552 532 601 superas
545 537 664 586 veniebat
675 537 708 586 ad
723 551 808 596 eures,

125 643 193 691 poue
210 637 320 690 sequens
344 626 467 690 (nemque
486 627 554 675 hene
573 627 679 676 dederat
696 626 851 689 Proserpina

427 715 532 778 legem),

124 821 184 855 curn
196 805 280 854 subita
292 806 425 855 incautum
437 806 568 854 dementis
580 805 648 867 cepit
660 811 799 863 umentem,

125 894 410 956 ignoscendsqnidcm,
426 894 521 942 scirent
532 894 554 941 si
567 894 700 955 ignoscere
713 907 815 942 menes:

55 989 107 1032 490
126 982 219 1031 restitit
230 982 427 1045 Eurydicenque
440 997 513 1031 suum
526 983 578 1031 ism
592 983 650 1030 luce
663 982 709 1030 snb
722 982 780 1044 ipse

126 1072 254 1120 inmemor
266 1071 316 1119 hen
329 1071 460 1133 victusque
473 1072 553 1120 animi
566 1071 687 1134 respexit.
719 1070 756 1118 ibi
770 1069 853 1117 omnis

128 1160 222 1210 effusus
235 1159 311 1209 lebor
322 1166 400 1222 etque
412 1159 509 1208 inmitis
522 1167 597 1223 rupta
610 1161 711 1224 tyranni

128 1249 232 1298 foedere
245 1256 333 1310 terque
346 1248 434 1309 fragor
446 1249 544 1311 stagnis
557 1249 660 1298 auditus
673 1248 791 1296 Auernis.

127 1339 175 1386 iiia
193 1327 263 1400 ‘quis
283 1344 308 1385 et
326 1328 375 1385 me'
392 1338 477 1399 inquit
492 1329 623 1387 ‘miseram
642 1344 667 1385 et
685 1344 710 1386 te
729 1334 848 1400 perdidit,

431 1424 545 1489 Orpheu‚

59 1521 109 1564 495
130 1515 188 1578 quis
200 1520 286 1563 tantus
299 1514 388 1562 furor?
413 1529 444 1563 en
457 1515 550 1563 iterum
563 1516 678 1564 erudelis
691 1521 758 1563 retro

130 1603 183 1652 ists
195 1610 288 1651 vocent
300 1603 441 1665 conditque
453 1603 570 1651 natantia
583 1604 681 1652 lumina
694 1618 808 1651 somnus.

129 1691 233 1758 iamque
246 1693 316 1740 veie:
332 1692 401 1740 feror
413 1673 511 1754 ing'enti
526 1692 684 1742 circumdate
697 1699 773 1741 nocte

129 1779 306 1843 invalidosque
320 1781 365 1828 tibi
379 1782 486 1829 tendens
499 1780 549 1829 hen
563 1796 615 1828 non
628 1787 672 1830 tua
685 1773 805 1845 palmos'

130 1869 196 1917 dixit
208 1877 233 1917 et
245 1883 277 1917 ex
290 1870 371 1918 oculis
385 1871 477 1928 subito,
495 1883 541 1918 ceu
554 1869 639 1918 furnus
652 1870 678 1916 in
693 1883 769 1918 aures

60 1963 111 2006 500
131 1958 284 2006 commixtus
297 1966 395 2016 tenues,
411 1959 478 2020 sugit
491 1958 598 2017 diversa,
614 1972 699 2021 neque
710 1959 794 2017 iilum,

131 2049 295 2110 prensantem
307 2048 465 2110 nequiquam
478 2047 581 2096 umbras
595 2055 620 2096 et
632 2049 713 2096 mults
729 2048 858 2096 volentem

131 2135 225 2195 dicere,
241 2143 373 2198 praetereo
385 2136 456 2196 vidit,
472 2151 519 2185 nec
533 2137 641 2200 portitor
655 2136 715 2186 Orci

63 2269 66 2273 .
132 2223 242 2287 emplius
256 2224 384 2273 obiectam
398 2239 487 2288 passus
502 2227 610 2274 transire
624 2227 754 2289 paludem.

132 2312 193 2375 quid
208 2312 320 2362 iaceret?
340 2328 391 2375 quo
405 2329 432 2362 se
445 2323 519 2379 rapta
532 2315 570 2363 bis
585 2316 694 2377 coniuge
707 2314 799 2364 ferret?

60 2406 111 2449 505
133 2416 184 2463 quo
196 2401 256 2449 fletu
269 2416 366 2461 menos,
383 2419 434 2466 qus
447 2404 554 2453 nurnine
566 2420 628 2453 voce
641 2402 770 2451 moveret?

131 2489 178 2538 ills
191 2489 295 2552 quidem
309 2490 398 2552 Stygia
411 2491 491 2540 nabot
503 2493 554 2541 isrn
567 2493 662 2554 frigida
677 2491 777 2540 cumbe.

132 2586 231 2641 septem
243 2579 316 2628 ilium
330 2587 397 2627 totos
411 2581 545 2642 perhibent
557 2597 590 2629 ex
603 2581 693 2628 ordine
706 2592 806 2628 menses

132 2681 197 2730 rupe
209 2668 255 2716 sub
268 2669 339 2717 seria
353 2668 444 2717 deserti
458 2670 490 2720 ed
505 2668 657 2736 Strymonis
668 2669 778 2718 undem
