1816 2956
121 175 183 223 498
360 185 386 224 1⁷.
402 183 523 224 vendeul
543 181 680 222 MARONIS'

119 346 171 390 320
190 340 317 389 incertum
330 355 382 402 qua
393 340 471 402 pulsa
482 354 571 399 mann,
587 355 638 402 quo
652 339 754 389 turbine
768 341 873 400 adacta,

190 429 247 492 quis
260 435 359 477 tantam
372 427 473 476 Rutulis
487 428 600 487 laudem,
616 443 725 477 casusne
739 430 848 489 deusne,

191 517 317 566 attulerit:
339 523 428 580 pressa
440 523 479 565 est
490 517 599 578 insignis
613 517 697 579 gloria
710 517 771 565 facti

190 621 239 655 nec
250 620 306 674 sese
319 608 423 656 Aeneae
436 605 541 654 iactavit
552 607 656 655 volnere
669 607 818 669 quisquam.

190 695 302 754 Turnus,
318 701 347 742 ut
358 695 466 742 Aenean
479 695 612 743 cedentem
626 709 659 744 ex
671 696 775 756 agmine
787 697 854 744 vidit

120 789 171 832 325
191 784 358 846 turbatosque
372 783 458 842 duces,
474 782 559 830 subita
572 797 617 846 spe
630 783 742 831 fervidus
755 785 847 846 ardot3

190 873 274 935 poscit
287 887 366 934 equos
380 879 457 934 atque
471 886 543 920 arma
556 872 633 920 simul
646 873 767 934 saltuque
780 875 905 937 superbus

192 962 285 1009 emicat
297 961 324 1008 in
338 975 440 1009 currum
453 967 478 1008 et
490 960 609 1009 manibus
622 960 728 1008 molitur
740 961 869 1011 habenas.

164 1049 166 1053 ’
191 1049 273 1098 multa
285 1049 367 1096 virum
380 1050 490 1097 volitans
504 1049 548 1096 dat
560 1049 637 1098 sortia
650 1063 760 1111 corpora
774 1051 852 1112 Leto,

193 1138 332 1186 semineces
345 1138 424 1185 volm't
436 1138 530 1186 multos
544 1145 588 1185 aut
601 1138 706 1199 agmina
720 1153 798 1187 curru

122 1231 173 1275 330
192 1226 355 1288 preteribant
368 1235 454 1288 raptas
468 1226 624 1287 fugientibus
637 1227 732 1288 ingerit
744 1227 846 1276 hastas.

193 1316 276 1377 qualis
290 1315 358 1378 apud
371 1315 451 1376 gelidi
464 1330 523 1362 cum
535 1315 642 1363 flumina
655 1316 772 1364 concitus
787 1317 869 1366 Hebri

192 1405 349 1466 sanguineus
362 1405 466 1452 Mavors
478 1404 562 1466 ellpeo
575 1405 677 1451 intonat
690 1410 769 1466 atque
783 1405 895 1454 furanus

192 1494 262 1541 bella
274 1507 378 1540 movens
392 1493 498 1540 inmittit
511 1507 607 1554 equos,
628 1493 667 1540 illi
681 1507 796 1554 aequore
811 1504 900 1557 aperto

193 1591 251 1630 ante
265 1590 339 1629 notos
350 1582 644 1644 zephyrumquevolant,
654 1581 734 1642 gemit
747 1582 843 1630 ultima
851 1585 905 1646 puls

123 1676 173 1719 335
193 1671 295 1718 Thraca
308 1672 402 1733 pedum
416 1672 564 1732 circumque
578 1677 647 1717 atrae
660 1670 821 1718 Formidinis
836 1688 881 1720 ora

192 1760 300 1821 Iraeque
313 1761 485 1822 Insidiaeque,
505 1760 545 1806 dei
559 1759 705 1815 comitatus,
722 1770 853 1818 aguntur:

193 1849 251 1895 talis
265 1863 344 1910 equos
359 1850 444 1896 alacer
456 1849 541 1896 media
554 1847 620 1895 inter
635 1847 734 1909 proelia
747 1847 856 1896 Turnus

193 1937 313 1984 fumantis
327 1939 420 1985 sudore
435 1937 525 1999 quatit,
544 1935 689 1983 miserabile
703 1937 787 1983 caesis

192 2025 308 2073 hostibus
321 2025 465 2084 insultans3
486 2025 583 2087 spargit
600 2025 691 2086 rapida
703 2027 806 2084 ungula
820 2042 891 2075 rores

123 2119 174 2161 340
193 2114 348 2173 sanguineos
363 2114 494 2176 nrixtaque
508 2129 583 2161 cruor
596 2115 710 2161 calcatur
723 2113 834 2162 harena.

193 2201 296 2263 iamque
313 2201 375 2250 Neci
402 2201 604 2264 Sthenelumque
630 2202 700 2248 dedit
719 2201 905 2267 Tlramyrimqr

246 2292 259 2297 ’“
492 2291 664 2352 Pholumque,

193 2378 261 2426 hunc
274 2393 425 2440 congressus
446 2386 470 2426 et
483 2379 566 2436 hunc,
588 2380 662 2427 illum
681 2380 800 2439 ominus3
827 2385 905 2430 cruiur

494 2467 570 2515 ambo

192 2555 357 2613 Imbrasidas,
375 2553 501 2603 Glaucum
515 2564 592 2618 atquc
602 2555 701 2614 Laden,
718 2573 786 2619 quos
795 2559 905 2609 Imbrasr

63 2600 160 2768 ἱ
449 2640 451 2645 ⁴
493 2645 547 2707 ipse
