<?xml version="1.0" encoding="UTF-8"?>
<!DOCTYPE html PUBLIC "-//W3C//DTD XHTML 1.0 Transitional//EN"
    "http://www.w3.org/TR/xhtml1/DTD/xhtml1-transitional.dtd">
<html xmlns="http://www.w3.org/1999/xhtml" xml:lang="en" lang="en">
 <head>
  <title>
</title>
<meta http-equiv="Content-Type" content="text/html;charset=utf-8" />
  <meta name='ocr-system' content='tesseract 3.04.00' />
  <meta name='ocr-capabilities' content='ocr_page ocr_carea ocr_par ocr_line ocrx_word'/>
</head>
<body>
  <div class='ocr_page' id='page_1' title='image "./pvergiliusmaro01virggoog/pvergiliusmaro01virggoog_0050.png"; bbox 0 0 1816 2956; ppageno 0'>
   <div class='ocr_carea' id='block_1_1' title="bbox 151 166 709 212">
    <p class='ocr_par' dir='ltr' id='par_1_1' title="bbox 151 166 709 212">
     <span class='ocr_line' id='line_1_1' title="bbox 151 166 709 212; baseline -0.002 -1"><span class='ocrx_word' id='word_1_1' title='bbox 151 174 177 212; x_wconf 87' lang='lat' dir='ltr'>P.</span> <span class='ocrx_word' id='word_1_2' title='bbox 194 171 282 212; x_wconf 84' lang='lat' dir='ltr'>VERG.</span> <span class='ocrx_word' id='word_1_3' title='bbox 298 169 371 211; x_wconf 73' lang='grc' dir='ltr'>ΜΔΕ.</span> <span class='ocrx_word' id='word_1_4' title='bbox 394 166 563 210; x_wconf 67' lang='lat' dir='ltr'>deonandos</span> <span class='ocrx_word' id='word_1_5' title='bbox 585 169 673 209; x_wconf 77' lang='lat' dir='ltr'>LIBER</span> <span class='ocrx_word' id='word_1_6' title='bbox 690 169 709 210; x_wconf 90' lang='lat'>1.</span> 
     </span>
    </p>
   </div>
   <div class='ocr_carea' id='block_1_2' title="bbox 48 328 830 2703">
    <p class='ocr_par' dir='ltr' id='par_1_2' title="bbox 104 328 789 481">
     <span class='ocr_line' id='line_1_2' title="bbox 104 328 715 392; baseline -0.005 -14"><span class='ocrx_word' id='word_1_7' title='bbox 104 330 170 378; x_wconf 84' lang='lat' dir='ltr'>indit</span> <span class='ocrx_word' id='word_1_8' title='bbox 182 344 256 379; x_wconf 88' lang='lat' dir='ltr'>ecum</span> <span class='ocrx_word' id='word_1_9' title='bbox 269 342 365 390; x_wconf 85' lang='lat' dir='ltr'>magno</span> <span class='ocrx_word' id='word_1_10' title='bbox 378 328 454 377; x_wconf 84' lang='lat' dir='ltr'>tellus</span> <span class='ocrx_word' id='word_1_11' title='bbox 467 343 589 392; x_wconf 87' lang='lat' dir='ltr'>percussa</span> <span class='ocrx_word' id='word_1_12' title='bbox 601 328 715 387; x_wconf 82' lang='lat' dir='ltr'>tridenti,</span> 
     </span>
     <span class='ocr_line' id='line_1_3' title="bbox 104 415 789 481; baseline -0.003 -15"><span class='ocrx_word' id='word_1_13' title='bbox 104 418 238 481; x_wconf 80' lang='lat' dir='ltr'>Neptune3</span> <span class='ocrx_word' id='word_1_14' title='bbox 252 425 277 467; x_wconf 91' lang='lat' dir='ltr'>et</span> <span class='ocrx_word' id='word_1_15' title='bbox 290 419 374 467; x_wconf 85' lang='lat' dir='ltr'>cultor</span> <span class='ocrx_word' id='word_1_16' title='bbox 386 432 529 477; x_wconf 87' lang='lat' dir='ltr'>nemorum,</span> <span class='ocrx_word' id='word_1_17' title='bbox 545 419 586 466; x_wconf 90' lang='lat' dir='ltr'>cui</span> <span class='ocrx_word' id='word_1_18' title='bbox 599 418 708 481; x_wconf 77' lang='lat' dir='ltr'>pinguia</span> <span class='ocrx_word' id='word_1_19' title='bbox 720 415 789 465; x_wconf 82' lang='lat' dir='ltr'>Ceae</span> 
     </span>
    </p>

    <p class='ocr_par' dir='ltr' id='par_1_3' title="bbox 55 505 791 925">
     <span class='ocr_line' id='line_1_4' title="bbox 55 505 704 565; baseline 0 -11"><span class='ocrx_word' id='word_1_20' title='bbox 55 514 82 555; x_wconf 79' lang='lat'>15</span> <span class='ocrx_word' id='word_1_21' title='bbox 104 514 141 555; x_wconf 89' lang='lat' dir='ltr'>ter</span> <span class='ocrx_word' id='word_1_22' title='bbox 154 514 257 556; x_wconf 88' lang='lat' dir='ltr'>contum</span> <span class='ocrx_word' id='word_1_23' title='bbox 269 507 336 555; x_wconf 83' lang='lat' dir='ltr'>nivei</span> <span class='ocrx_word' id='word_1_24' title='bbox 350 506 457 555; x_wconf 86' lang='lat' dir='ltr'>tondent</span> <span class='ocrx_word' id='word_1_25' title='bbox 469 507 574 556; x_wconf 88' lang='lat' dir='ltr'>dumeta</span> <span class='ocrx_word' id='word_1_26' title='bbox 588 505 704 565; x_wconf 82' lang='lat' dir='ltr'>invenci3</span> 
     </span>
     <span class='ocr_line' id='line_1_5' title="bbox 103 594 791 659; baseline -0.004 -15"><span class='ocrx_word' id='word_1_27' title='bbox 103 597 167 659; x_wconf 87' lang='lat' dir='ltr'>ipse,</span> <span class='ocrx_word' id='word_1_28' title='bbox 183 611 273 644; x_wconf 89' lang='lat' dir='ltr'>nemus</span> <span class='ocrx_word' id='word_1_29' title='bbox 287 597 406 659; x_wconf 89' lang='lat' dir='ltr'>linquens</span> <span class='ocrx_word' id='word_1_30' title='bbox 419 596 531 658; x_wconf 86' lang='lat' dir='ltr'>patrium</span> <span class='ocrx_word' id='word_1_31' title='bbox 544 597 675 659; x_wconf 73' lang='lat' dir='ltr'>saltusque</span> <span class='ocrx_word' id='word_1_32' title='bbox 688 594 791 657; x_wconf 81' lang='lat' dir='ltr'>Lycaei,</span> 
     </span>
     <span class='ocr_line' id='line_1_6' title="bbox 103 684 763 744; baseline 0 -12"><span class='ocrx_word' id='word_1_33' title='bbox 103 685 168 744; x_wconf 89' lang='lat' dir='ltr'>Pan,</span> <span class='ocrx_word' id='word_1_34' title='bbox 184 685 270 733; x_wconf 91' lang='lat' dir='ltr'>ovium</span> <span class='ocrx_word' id='word_1_35' title='bbox 284 692 378 743; x_wconf 86' lang='lat' dir='ltr'>custos,</span> <span class='ocrx_word' id='word_1_36' title='bbox 393 691 439 733; x_wconf 90' lang='lat' dir='ltr'>tua</span> <span class='ocrx_word' id='word_1_37' title='bbox 451 685 471 732; x_wconf 90' lang='lat' dir='ltr'>si</span> <span class='ocrx_word' id='word_1_38' title='bbox 486 684 531 731; x_wconf 90' lang='lat' dir='ltr'>tibi</span> <span class='ocrx_word' id='word_1_39' title='bbox 544 685 666 733; x_wconf 77' lang='lat' dir='ltr'><strong>Maenala</strong></span> <span class='ocrx_word' id='word_1_40' title='bbox 678 699 763 743; x_wconf 88' lang='lat' dir='ltr'>curae,</span> 
     </span>
     <span class='ocr_line' id='line_1_7' title="bbox 103 773 732 836; baseline 0.002 -15"><span class='ocrx_word' id='word_1_41' title='bbox 103 775 180 833; x_wconf 88' lang='lat' dir='ltr'>adsis,</span> <span class='ocrx_word' id='word_1_42' title='bbox 196 790 212 821; x_wconf 97' lang='lat' dir='ltr'>o</span> <span class='ocrx_word' id='word_1_43' title='bbox 225 774 351 836; x_wconf 82' lang='lat' dir='ltr'>Tegeaee,</span> <span class='ocrx_word' id='word_1_44' title='bbox 367 773 463 832; x_wconf 87' lang='lat' dir='ltr'>favens,</span> <span class='ocrx_word' id='word_1_45' title='bbox 479 774 603 836; x_wconf 75' lang='lat' dir='ltr'>oleaeque</span> <span class='ocrx_word' id='word_1_46' title='bbox 616 774 732 822; x_wconf 85' lang='lat' dir='ltr'>Minerva</span> 
     </span>
     <span class='ocr_line' id='line_1_8' title="bbox 102 863 714 925; baseline 0 -15"><span class='ocrx_word' id='word_1_47' title='bbox 102 864 239 921; x_wconf 85' lang='lat' dir='ltr'>inventrix,</span> <span class='ocrx_word' id='word_1_48' title='bbox 255 863 367 925; x_wconf 87' lang='lat' dir='ltr'>uncique</span> <span class='ocrx_word' id='word_1_49' title='bbox 380 876 444 925; x_wconf 89' lang='lat' dir='ltr'>puer</span> <span class='ocrx_word' id='word_1_50' title='bbox 456 869 614 910; x_wconf 86' lang='lat' dir='ltr'>monstrator</span> <span class='ocrx_word' id='word_1_51' title='bbox 627 863 714 921; x_wconf 79' lang='lat' dir='ltr'>aratri,</span> 
     </span>
    </p>

    <p class='ocr_par' dir='ltr' id='par_1_4' title="bbox 48 949 829 1369">
     <span class='ocr_line' id='line_1_9' title="bbox 48 949 809 1014; baseline -0.001 -15"><span class='ocrx_word' id='word_1_52' title='bbox 48 958 81 1000; x_wconf 77' lang='lat'>20</span> <span class='ocrx_word' id='word_1_53' title='bbox 103 960 128 1001; x_wconf 89' lang='lat' dir='ltr'>et</span> <span class='ocrx_word' id='word_1_54' title='bbox 140 960 254 1000; x_wconf 83' lang='lat' dir='ltr'>teneram</span> <span class='ocrx_word' id='word_1_55' title='bbox 268 951 300 999; x_wconf 90' lang='lat' dir='ltr'>ab</span> <span class='ocrx_word' id='word_1_56' title='bbox 313 952 400 1000; x_wconf 80' lang='lat' dir='ltr'>radice</span> <span class='ocrx_word' id='word_1_57' title='bbox 413 951 505 1009; x_wconf 87' lang='lat' dir='ltr'>ferens,</span> <span class='ocrx_word' id='word_1_58' title='bbox 522 949 635 1010; x_wconf 87' lang='lat' dir='ltr'>Silvane,</span> <span class='ocrx_word' id='word_1_59' title='bbox 651 966 809 1014; x_wconf 75' lang='lat' dir='ltr'>cupressum,</span> 
     </span>
     <span class='ocr_line' id='line_1_10' title="bbox 102 1039 827 1103; baseline -0.003 -15"><span class='ocrx_word' id='word_1_60' title='bbox 102 1041 180 1103; x_wconf 88' lang='lat' dir='ltr'>dique</span> <span class='ocrx_word' id='word_1_61' title='bbox 193 1042 308 1103; x_wconf 87' lang='lat' dir='ltr'>deaeque</span> <span class='ocrx_word' id='word_1_62' title='bbox 321 1055 426 1099; x_wconf 87' lang='lat' dir='ltr'>omnes,</span> <span class='ocrx_word' id='word_1_63' title='bbox 446 1040 561 1087; x_wconf 90' lang='lat' dir='ltr'>studium</span> <span class='ocrx_word' id='word_1_64' title='bbox 574 1040 667 1102; x_wconf 89' lang='lat' dir='ltr'>quibus</span> <span class='ocrx_word' id='word_1_65' title='bbox 681 1055 741 1088; x_wconf 86' lang='lat' dir='ltr'>arva</span> <span class='ocrx_word' id='word_1_66' title='bbox 753 1039 827 1097; x_wconf 87' lang='lat' dir='ltr'>tuen&#39;,</span> 
     </span>
     <span class='ocr_line' id='line_1_11' title="bbox 102 1128 725 1192; baseline -0.003 -15"><span class='ocrx_word' id='word_1_67' title='bbox 102 1129 197 1192; x_wconf 91' lang='lat' dir='ltr'>quique</span> <span class='ocrx_word' id='word_1_68' title='bbox 211 1143 291 1177; x_wconf 88' lang='lat' dir='ltr'>novas</span> <span class='ocrx_word' id='word_1_69' title='bbox 304 1129 372 1177; x_wconf 90' lang='lat' dir='ltr'>alitis</span> <span class='ocrx_word' id='word_1_70' title='bbox 386 1129 506 1177; x_wconf 93' lang='lat' dir='ltr'>nonullo</span> <span class='ocrx_word' id='word_1_71' title='bbox 520 1129 617 1177; x_wconf 88' lang='lat' dir='ltr'>somine</span> <span class='ocrx_word' id='word_1_72' title='bbox 631 1128 725 1190; x_wconf 83' lang='lat' dir='ltr'>fruges,</span> 
     </span>
     <span class='ocr_line' id='line_1_12' title="bbox 102 1217 757 1280; baseline -0.002 -15"><span class='ocrx_word' id='word_1_73' title='bbox 102 1218 197 1280; x_wconf 86' lang='lat' dir='ltr'>quique</span> <span class='ocrx_word' id='word_1_74' title='bbox 210 1218 272 1266; x_wconf 87' lang='lat' dir='ltr'>satis</span> <span class='ocrx_word' id='word_1_75' title='bbox 286 1219 387 1280; x_wconf 76' lang='lat' dir='ltr'>largum</span> <span class='ocrx_word' id='word_1_76' title='bbox 401 1219 473 1266; x_wconf 89' lang='lat' dir='ltr'>caelo</span> <span class='ocrx_word' id='word_1_77' title='bbox 488 1217 620 1265; x_wconf 85' lang='lat' dir='ltr'>demittitis</span> <span class='ocrx_word' id='word_1_78' title='bbox 633 1217 757 1276; x_wconf 86' lang='lat' dir='ltr'>imbrem3</span> 
     </span>
     <span class='ocr_line' id='line_1_13' title="bbox 101 1306 829 1369; baseline 0 -16"><span class='ocrx_word' id='word_1_79' title='bbox 101 1314 180 1369; x_wconf 91' lang='lat' dir='ltr'>tuque</span> <span class='ocrx_word' id='word_1_80' title='bbox 193 1306 268 1365; x_wconf 88' lang='lat' dir='ltr'>adeo,</span> <span class='ocrx_word' id='word_1_81' title='bbox 283 1321 361 1369; x_wconf 90' lang='lat' dir='ltr'>quern</span> <span class='ocrx_word' id='word_1_82' title='bbox 374 1320 434 1354; x_wconf 87' lang='lat' dir='ltr'>mox</span> <span class='ocrx_word' id='word_1_83' title='bbox 447 1321 514 1369; x_wconf 86' lang='lat' dir='ltr'>quae</span> <span class='ocrx_word' id='word_1_84' title='bbox 527 1307 579 1354; x_wconf 89' lang='lat' dir='ltr'>sint</span> <span class='ocrx_word' id='word_1_85' title='bbox 591 1306 711 1354; x_wconf 88' lang='lat' dir='ltr'>habitura</span> <span class='ocrx_word' id='word_1_86' title='bbox 722 1307 829 1354; x_wconf 91' lang='lat' dir='ltr'>deorum</span> 
     </span>
    </p>

    <p class='ocr_par' dir='ltr' id='par_1_5' title="bbox 52 1393 785 1799">
     <span class='ocr_line' id='line_1_14' title="bbox 52 1393 785 1454; baseline -0.001 -11"><span class='ocrx_word' id='word_1_87' title='bbox 52 1400 81 1443; x_wconf 74' lang='lat' dir='ltr'>id</span> <span class='ocrx_word' id='word_1_88' title='bbox 102 1395 213 1444; x_wconf 86' lang='lat' dir='ltr'>eoncilia</span> <span class='ocrx_word' id='word_1_89' title='bbox 225 1396 351 1443; x_wconf 83' lang='lat' dir='ltr'>incertum</span> <span class='ocrx_word' id='word_1_90' title='bbox 364 1401 410 1453; x_wconf 87' lang='lat' dir='ltr'>est,</span> <span class='ocrx_word' id='word_1_91' title='bbox 428 1394 533 1443; x_wconf 88' lang='lat' dir='ltr'>urbisne</span> <span class='ocrx_word' id='word_1_92' title='bbox 546 1396 664 1454; x_wconf 87' lang='lat' dir='ltr'>invisere,</span> <span class='ocrx_word' id='word_1_93' title='bbox 680 1393 785 1452; x_wconf 86' lang='lat' dir='ltr'>Caesar,</span> 
     </span>
     <span class='ocr_line' id='line_1_15' title="bbox 101 1484 753 1546; baseline -0.003 -14"><span class='ocrx_word' id='word_1_94' title='bbox 101 1490 277 1546; x_wconf 85' lang='lat' dir='ltr'>terrarumque</span> <span class='ocrx_word' id='word_1_95' title='bbox 290 1484 352 1532; x_wconf 87' lang='lat' dir='ltr'>velis</span> <span class='ocrx_word' id='word_1_96' title='bbox 366 1499 454 1532; x_wconf 89' lang='lat' dir='ltr'>curam</span> <span class='ocrx_word' id='word_1_97' title='bbox 467 1490 492 1531; x_wconf 92' lang='lat' dir='ltr'>et</span> <span class='ocrx_word' id='word_1_98' title='bbox 505 1491 528 1532; x_wconf 88' lang='lat' dir='ltr'>te</span> <span class='ocrx_word' id='word_1_99' title='bbox 541 1485 670 1532; x_wconf 88' lang='lat' dir='ltr'>maximus</span> <span class='ocrx_word' id='word_1_100' title='bbox 684 1484 753 1532; x_wconf 89' lang='lat' dir='ltr'>orbis</span> 
     </span>
     <span class='ocr_line' id='line_1_16' title="bbox 102 1573 738 1637; baseline -0.002 -17"><span class='ocrx_word' id='word_1_101' title='bbox 102 1579 234 1620; x_wconf 78' lang='lat' dir='ltr'>auctorem</span> <span class='ocrx_word' id='word_1_102' title='bbox 247 1573 350 1634; x_wconf 76' lang='lat' dir='ltr'>frugum</span> <span class='ocrx_word' id='word_1_103' title='bbox 363 1578 594 1636; x_wconf 80' lang='lat' dir='ltr'>tempestatumque</span> <span class='ocrx_word' id='word_1_104' title='bbox 607 1581 738 1637; x_wconf 89' lang='lat' dir='ltr'>potentem</span> 
     </span>
     <span class='ocr_line' id='line_1_17' title="bbox 102 1660 706 1725; baseline -0.002 -16"><span class='ocrx_word' id='word_1_105' title='bbox 102 1660 221 1723; x_wconf 88' lang='lat' dir='ltr'>accipiat,</span> <span class='ocrx_word' id='word_1_106' title='bbox 236 1661 342 1722; x_wconf 85' lang='lat' dir='ltr'>cingens</span> <span class='ocrx_word' id='word_1_107' title='bbox 355 1668 472 1710; x_wconf 90' lang='lat' dir='ltr'>materna</span> <span class='ocrx_word' id='word_1_108' title='bbox 485 1669 602 1725; x_wconf 89' lang='lat' dir='ltr'>tempora</span> <span class='ocrx_word' id='word_1_109' title='bbox 615 1669 706 1724; x_wconf 72' lang='lat' dir='ltr'>myrto,</span> 
     </span>
     <span class='ocr_line' id='line_1_18' title="bbox 103 1750 735 1799; baseline -0.002 -1"><span class='ocrx_word' id='word_1_110' title='bbox 103 1764 135 1798; x_wconf 89' lang='lat' dir='ltr'>an</span> <span class='ocrx_word' id='word_1_111' title='bbox 149 1750 211 1797; x_wconf 89' lang='lat' dir='ltr'>deus</span> <span class='ocrx_word' id='word_1_112' title='bbox 224 1750 335 1797; x_wconf 86' lang='lat' dir='ltr'>inmensi</span> <span class='ocrx_word' id='word_1_113' title='bbox 349 1750 435 1797; x_wconf 89' lang='lat' dir='ltr'>venias</span> <span class='ocrx_word' id='word_1_114' title='bbox 449 1750 527 1797; x_wconf 87' lang='lat' dir='ltr'>maris</span> <span class='ocrx_word' id='word_1_115' title='bbox 540 1765 570 1799; x_wconf 90' lang='lat' dir='ltr'>ac</span> <span class='ocrx_word' id='word_1_116' title='bbox 583 1757 628 1798; x_wconf 89' lang='lat' dir='ltr'>tua</span> <span class='ocrx_word' id='word_1_117' title='bbox 642 1757 735 1798; x_wconf 86' lang='lat' dir='ltr'>nautae</span> 
     </span>
    </p>

    <p class='ocr_par' dir='ltr' id='par_1_6' title="bbox 79 1838 768 1897">
     <span class='ocr_line' id='line_1_19' title="bbox 79 1838 768 1897; baseline 0.001 -12"><span class='ocrx_word' id='word_1_118' title='bbox 79 1850 82 1874; x_wconf 78' lang='lat'>¹</span> <span class='ocrx_word' id='word_1_119' title='bbox 103 1838 211 1886; x_wconf 88' lang='lat' dir='ltr'>numina</span> <span class='ocrx_word' id='word_1_120' title='bbox 223 1839 280 1886; x_wconf 88' lang='lat' dir='ltr'>scia</span> <span class='ocrx_word' id='word_1_121' title='bbox 293 1839 389 1897; x_wconf 86' lang='lat' dir='ltr'>colant,</span> <span class='ocrx_word' id='word_1_122' title='bbox 405 1838 451 1885; x_wconf 90' lang='lat' dir='ltr'>tibi</span> <span class='ocrx_word' id='word_1_123' title='bbox 465 1838 558 1885; x_wconf 88' lang='lat' dir='ltr'>serviat</span> <span class='ocrx_word' id='word_1_124' title='bbox 570 1838 663 1886; x_wconf 87' lang='lat' dir='ltr'>ultima</span> <span class='ocrx_word' id='word_1_125' title='bbox 675 1838 768 1896; x_wconf 87' lang='lat' dir='ltr'>Thule,</span> 
     </span>
    </p>

    <p class='ocr_par' dir='ltr' id='par_1_7' title="bbox 102 1926 830 2519">
     <span class='ocr_line' id='line_1_20' title="bbox 103 1926 799 1990; baseline -0.003 -15"><span class='ocrx_word' id='word_1_126' title='bbox 103 1934 179 1990; x_wconf 86' lang='lat' dir='ltr'>teque</span> <span class='ocrx_word' id='word_1_127' title='bbox 192 1927 240 1974; x_wconf 89' lang='lat' dir='ltr'>sibi</span> <span class='ocrx_word' id='word_1_128' title='bbox 253 1941 377 1986; x_wconf 85' lang='lat' dir='ltr'>generum</span> <span class='ocrx_word' id='word_1_129' title='bbox 390 1926 486 1988; x_wconf 82' lang='lat' dir='ltr'>Tethys</span> <span class='ocrx_word' id='word_1_130' title='bbox 500 1933 569 1975; x_wconf 91' lang='lat' dir='ltr'>emat</span> <span class='ocrx_word' id='word_1_131' title='bbox 581 1927 700 1974; x_wconf 90' lang='lat' dir='ltr'>omnibus</span> <span class='ocrx_word' id='word_1_132' title='bbox 714 1927 799 1983; x_wconf 88' lang='lat' dir='ltr'>undis,</span> 
     </span>
     <span class='ocr_line' id='line_1_21' title="bbox 102 2014 729 2063; baseline 0 0"><span class='ocrx_word' id='word_1_133' title='bbox 102 2029 170 2063; x_wconf 85' lang='lat' dir='ltr'>aune</span> <span class='ocrx_word' id='word_1_134' title='bbox 182 2028 277 2062; x_wconf 84' lang='lat' dir='ltr'>novom</span> <span class='ocrx_word' id='word_1_135' title='bbox 290 2015 369 2062; x_wconf 85' lang='lat' dir='ltr'>tardis</span> <span class='ocrx_word' id='word_1_136' title='bbox 383 2015 453 2061; x_wconf 90' lang='lat' dir='ltr'>sidus</span> <span class='ocrx_word' id='word_1_137' title='bbox 467 2020 491 2061; x_wconf 87' lang='lat' dir='ltr'>te</span> <span class='ocrx_word' id='word_1_138' title='bbox 504 2014 635 2062; x_wconf 87' lang='lat' dir='ltr'>mensibus</span> <span class='ocrx_word' id='word_1_139' title='bbox 649 2016 729 2063; x_wconf 88' lang='lat' dir='ltr'>addas</span> 
     </span>
     <span class='ocr_line' id='line_1_22' title="bbox 102 2101 759 2166; baseline -0.003 -15"><span class='ocrx_word' id='word_1_140' title='bbox 102 2119 154 2166; x_wconf 90' lang='lat' dir='ltr'>qua</span> <span class='ocrx_word' id='word_1_141' title='bbox 166 2104 239 2151; x_wconf 87' lang='lat' dir='ltr'>iocus</span> <span class='ocrx_word' id='word_1_142' title='bbox 252 2103 384 2165; x_wconf 83' lang='lat' dir='ltr'>Erigonen</span> <span class='ocrx_word' id='word_1_143' title='bbox 397 2103 463 2150; x_wconf 89' lang='lat' dir='ltr'>inter</span> <span class='ocrx_word' id='word_1_144' title='bbox 477 2101 617 2164; x_wconf 87' lang='lat' dir='ltr'>chelasque</span> <span class='ocrx_word' id='word_1_145' title='bbox 630 2102 759 2165; x_wconf 87' lang='lat' dir='ltr'>sequentis</span> 
     </span>
     <span class='ocr_line' id='line_1_23' title="bbox 102 2190 830 2255; baseline -0.001 -15"><span class='ocrx_word' id='word_1_146' title='bbox 102 2192 224 2255; x_wconf 88' lang='lat' dir='ltr'>panditur</span> <span class='ocrx_word' id='word_1_147' title='bbox 237 2192 304 2254; x_wconf 86' lang='lat' dir='ltr'>(ipse</span> <span class='ocrx_word' id='word_1_148' title='bbox 318 2191 363 2238; x_wconf 86' lang='lat' dir='ltr'>tibi</span> <span class='ocrx_word' id='word_1_149' title='bbox 382 2192 435 2238; x_wconf 88' lang='lat' dir='ltr'>iam</span> <span class='ocrx_word' id='word_1_150' title='bbox 453 2190 574 2239; x_wconf 85' lang='lat' dir='ltr'>bracchia</span> <span class='ocrx_word' id='word_1_151' title='bbox 591 2192 721 2240; x_wconf 84' lang='lat' dir='ltr'>contrahit</span> <span class='ocrx_word' id='word_1_152' title='bbox 737 2192 830 2239; x_wconf 89' lang='lat' dir='ltr'>ardens</span> 
     </span>
     <span class='ocr_line' id='line_1_24' title="bbox 107 2280 734 2343; baseline -0.003 -15"><span class='ocrx_word' id='word_1_153' title='bbox 107 2281 217 2343; x_wconf 69' lang='lat' dir='ltr'>scorpios</span> <span class='ocrx_word' id='word_1_154' title='bbox 231 2287 256 2328; x_wconf 90' lang='lat' dir='ltr'>et</span> <span class='ocrx_word' id='word_1_155' title='bbox 269 2280 333 2327; x_wconf 86' lang='lat' dir='ltr'>caeli</span> <span class='ocrx_word' id='word_1_156' title='bbox 347 2280 415 2327; x_wconf 91' lang='lat' dir='ltr'>iusta</span> <span class='ocrx_word' id='word_1_157' title='bbox 428 2280 485 2342; x_wconf 90' lang='lat' dir='ltr'>pius</span> <span class='ocrx_word' id='word_1_158' title='bbox 498 2287 571 2342; x_wconf 90' lang='lat' dir='ltr'>parte</span> <span class='ocrx_word' id='word_1_159' title='bbox 585 2280 734 2343; x_wconf 89' lang='lat' dir='ltr'>relinquit):</span> 
     </span>
     <span class='ocr_line' id='line_1_25' title="bbox 113 2368 830 2433; baseline -0.003 -17"><span class='ocrx_word' id='word_1_160' title='bbox 113 2368 228 2433; x_wconf 67' lang='lat' dir='ltr'>quidquid</span> <span class='ocrx_word' id='word_1_161' title='bbox 249 2368 298 2417; x_wconf 86' lang='lat' dir='ltr'>cris</span> <span class='ocrx_word' id='word_1_162' title='bbox 316 2369 389 2430; x_wconf 84' lang='lat' dir='ltr'>(nam</span> <span class='ocrx_word' id='word_1_163' title='bbox 407 2375 431 2416; x_wconf 91' lang='lat' dir='ltr'>te</span> <span class='ocrx_word' id='word_1_164' title='bbox 444 2383 492 2416; x_wconf 87' lang='lat' dir='ltr'>nec</span> <span class='ocrx_word' id='word_1_165' title='bbox 504 2375 609 2431; x_wconf 87' lang='lat' dir='ltr'>sperant</span> <span class='ocrx_word' id='word_1_166' title='bbox 621 2369 731 2416; x_wconf 83' lang='lat' dir='ltr'>Tartara</span> <span class='ocrx_word' id='word_1_167' title='bbox 743 2382 830 2428; x_wconf 87' lang='lat' dir='ltr'>regem</span> 
     </span>
     <span class='ocr_line' id='line_1_26' title="bbox 120 2457 699 2519; baseline -0.009 -11"><span class='ocrx_word' id='word_1_168' title='bbox 120 2473 150 2508; x_wconf 84' lang='lat' dir='ltr'>ec</span> <span class='ocrx_word' id='word_1_169' title='bbox 162 2458 208 2506; x_wconf 90' lang='lat' dir='ltr'>tibi</span> <span class='ocrx_word' id='word_1_170' title='bbox 221 2458 346 2518; x_wconf 79' lang='lat' dir='ltr'>regnandi</span> <span class='ocrx_word' id='word_1_171' title='bbox 360 2457 446 2505; x_wconf 86' lang='lat' dir='ltr'>veniat</span> <span class='ocrx_word' id='word_1_172' title='bbox 459 2464 510 2505; x_wconf 90' lang='lat' dir='ltr'>tam</span> <span class='ocrx_word' id='word_1_173' title='bbox 525 2459 581 2505; x_wconf 88' lang='lat' dir='ltr'>dira</span> <span class='ocrx_word' id='word_1_174' title='bbox 595 2458 699 2519; x_wconf 88' lang='lat' dir='ltr'>cupido,</span> 
     </span>
    </p>

    <p class='ocr_par' dir='ltr' id='par_1_8' title="bbox 124 2546 691 2607">
     <span class='ocr_line' id='line_1_27' title="bbox 124 2546 691 2607; baseline -0.009 -12"><span class='ocrx_word' id='word_1_175' title='bbox 124 2546 219 2595; x_wconf 88' lang='lat' dir='ltr'>uamvis</span> <span class='ocrx_word' id='word_1_176' title='bbox 232 2546 332 2607; x_wconf 81' lang='lat' dir='ltr'>Elysios</span> <span class='ocrx_word' id='word_1_177' title='bbox 345 2547 450 2594; x_wconf 88' lang='lat' dir='ltr'>miretur</span> <span class='ocrx_word' id='word_1_178' title='bbox 464 2546 574 2594; x_wconf 86' lang='lat' dir='ltr'>Graecia</span> <span class='ocrx_word' id='word_1_179' title='bbox 586 2559 691 2606; x_wconf 89' lang='lat' dir='ltr'>campos</span> 
     </span>
    </p>

    <p class='ocr_par' dir='ltr' id='par_1_9' title="bbox 129 2633 768 2703">
     <span class='ocr_line' id='line_1_28' title="bbox 129 2633 768 2703; baseline -0.002 -19"><span class='ocrx_word' id='word_1_180' title='bbox 129 2651 151 2684; x_wconf 73' lang='lat' dir='ltr'>tc</span> <span class='ocrx_word' id='word_1_181' title='bbox 164 2635 271 2697; x_wconf 86' lang='lat' dir='ltr'>repetita</span> <span class='ocrx_word' id='word_1_182' title='bbox 282 2636 354 2698; x_wconf 89' lang='lat' dir='ltr'>sequi</span> <span class='ocrx_word' id='word_1_183' title='bbox 368 2642 440 2685; x_wconf 87' lang='lat' dir='ltr'>curet</span> <span class='ocrx_word' id='word_1_184' title='bbox 452 2635 616 2703; x_wconf 87' lang='lat' dir='ltr'>Proserpina</span> <span class='ocrx_word' id='word_1_185' title='bbox 626 2633 768 2698; x_wconf 59' lang='lat' dir='ltr'>matrem,</span> 
     </span>
    </p>
   </div>
   <div class='ocr_carea' id='block_1_3' title="bbox 0 0 919 2956">
    <p class='ocr_par' dir='ltr' id='par_1_10' title="bbox 0 0 919 2956">
     <span class='ocr_line' id='line_1_29' title="bbox 0 0 919 2956; baseline 0 0"><span class='ocrx_word' id='word_1_186' title='bbox 0 0 919 2956; x_wconf 95' lang='lat' dir='ltr'> </span> 
     </span>
    </p>
   </div>
  </div>
 </body>
</html>
