1816 2956
296 189 464 231 dhouulcon
481 191 569 231 Lluuu
582 192 622 232 lv.
795 185 854 232 llb

90 377 91 380 =
130 361 258 410 quemque
271 346 319 394 sibi
333 352 422 396 tenues
435 354 583 397 nascentem
597 363 725 398 arcessere
737 349 816 411 vitas3

58 440 110 484 225
130 436 230 484 scilicet
241 436 292 484 huc
305 435 378 484 reddi
392 436 485 484 deinde
498 451 528 484 ac
542 437 655 486 resoluta
668 438 756 486 referri

130 524 218 572 omnia
231 538 278 572 nec
291 524 366 575 morti
381 538 436 574 esse
449 524 544 583 locum,
560 525 604 573 sed
617 525 674 573 viva
686 528 773 575 volare

129 613 220 660 sideris
233 612 261 659 in
275 627 409 662 numerum
422 620 499 674 atque
512 614 566 660 alto
579 615 716 663 succedere
730 617 813 664 eaelo.

148 769 150 772 v
165 700 300 763 Siquando
313 703 400 751 sedem
413 709 549 763 augustam
562 709 713 764 servataque
725 705 806 752 mella

129 790 255 838 thesauris
268 791 372 849 rclines‚
388 790 458 853 prius
471 790 564 838 haustu
578 804 680 852 sparsus
695 807 820 854 aquarum

57 884 110 927 230
130 893 176 927 ora
188 878 245 926 fove
258 878 394 941 fumosque
406 893 486 927 manu
498 880 637 942 praetende
649 881 776 941 sequacis.

129 966 168 1014 bis
180 967 300 1028 gravidos
314 975 410 1029 cogunt
424 967 500 1026 fetus,
516 968 567 1015 duo
581 974 698 1029 tempora
709 968 808 1027 messis,

128 1055 243 1118 Taygete
255 1056 332 1104 simul
345 1070 374 1103 os
387 1056 460 1104 terris
473 1055 585 1104 ostendit
596 1054 734 1103 honestum
777 1088 779 1094 ι

128 1143 195 1207 plius
209 1151 234 1192 et
247 1142 344 1193 Oceani
358 1151 457 1207 spretos
469 1145 535 1207 pede
547 1144 660 1206 reppulit
673 1144 764 1202 amnis,

129 1239 175 1280 aut
187 1232 277 1282 eadem
290 1233 360 1281 sidus
374 1233 474 1295 fugiens
487 1231 621 1294 ubipiscis
636 1232 727 1294 aquosi

56 1325 108 1369 235
130 1320 226 1368 tristior
238 1320 358 1371 hibernas
373 1323 446 1370 caelo
459 1321 591 1370 descendit
603 1321 630 1367 in
643 1320 734 1368 undas.

128 1409 181 1457 illis
193 1409 233 1458 ira
245 1410 351 1457 modum
364 1424 442 1473 supra
454 1416 492 1457 est
504 1410 641 1471 laesaeque
653 1424 780 1457 venenum

128 1497 256 1546 morsibus
269 1498 397 1561 inspirant
409 1505 435 1547 et
446 1497 546 1560 spicula
559 1512 636 1546 caeca
648 1498 775 1546 relincunt

129 1587 230 1635 adfixae
241 1587 312 1636 venis
326 1587 477 1648 animasque
490 1586 517 1633 in
529 1587 633 1634 volnere
646 1593 754 1648 ponunt.

128 1675 168 1722 sin
181 1675 272 1723 duram
285 1682 382 1724 metues
396 1675 507 1723 hiemem
521 1689 661 1737 parcesque
675 1675 760 1722 futuro

54 1769 108 1813 240
129 1771 321 1827 contunsosque
334 1764 434 1813 animos
449 1770 474 1812 et
486 1779 525 1812 res
539 1763 693 1811 miserabere
706 1762 808 1821 fractas,

129 1860 155 1900 at
167 1852 254 1901 suffire
267 1853 355 1916 thymo
369 1867 492 1914 cerasque
505 1852 617 1900 recidere
630 1852 719 1899 inanes

129 1941 187 2004 quis
200 1941 315 1994 dubitet?
335 1956 395 1990 uam
408 1956 485 2004 saepe
497 1940 568 1988 favos
581 1941 685 2002 ignotus
699 1939 786 1988 adedit

129 2031 205 2078 stelio
218 2036 243 2079 et
255 2030 376 2092 lucifugis
390 2038 512 2092 congesta
525 2029 621 2077 cubilia
633 2027 720 2076 blattis
782 2051 783 2054 ¹

128 2119 301 2182 immunisque
314 2119 404 2168 sedens
418 2119 504 2167 aliena
518 2118 549 2166 ad
563 2116 753 2179 pabulatum,

53 2213 107 2258 245
129 2215 175 2255 aut
187 2221 262 2270 asper
274 2206 365 2256 crabro
379 2207 511 2269 inparibus
525 2222 551 2255 se
564 2206 695 2254 inmiscuit
708 2205 785 2253 armis

130 2302 175 2344 aut
187 2296 272 2343 dirum
284 2296 362 2345 tiniae
375 2311 464 2358 genus,
481 2303 525 2344 aut
537 2296 619 2343 invisa
631 2294 762 2342 Minervae

130 2385 205 2433 laxos
217 2385 244 2432 in
257 2384 355 2432 foribus
368 2384 501 2447 suspendit
514 2398 608 2431 aranea
622 2397 713 2430 casses.

130 2488 182 2536 quo
195 2473 278 2534 magis
292 2474 431 2522 exhaustae
444 2472 547 2530 fuerint,
563 2472 613 2519 hoc
626 2471 711 2518 acrius
724 2482 812 2516 omnes

130 2560 280 2610 incumbent
292 2562 392 2623 generis
406 2561 472 2623 lapsi
486 2561 580 2608 sarcire
593 2550 681 2607 ruinas

55 2657 110 2701 250
131 2650 340 2713 conplebuntque
353 2649 423 2696 soros
437 2656 462 2697 et
474 2648 578 2696 floribus
591 2648 688 2696 horrea
697 2651 801 2694 texerit.

673 2723 712 2779 g*
