1816 2956
305 205 453 245 Aannmos
469 207 556 246 LIBER
572 207 615 246 XI.
796 201 834 248 46
842 201 857 248 5

58 368 110 410 405
132 363 214 410 amnis
228 371 253 410 et
266 362 407 411 Hadriacas
421 370 488 410 retro
502 362 568 424 fugit
580 363 690 412 Aufidus
704 365 796 414 undas.

131 450 169 498 vel
183 465 241 498 eum
254 465 281 498 se
294 451 415 512 pavidum
429 459 518 499 eontra
532 466 589 500 mee
602 452 686 514 iurgia
699 452 774 515 fingit

131 539 235 587 artificis
248 540 331 587 scelus
345 548 369 587 et
381 539 520 587 formidine
533 540 629 588 crimen
642 540 755 589 acerbat.

130 641 272 690 numquam
292 628 405 676 animam
423 628 502 676 talem
520 629 611 676 dextra
623 627 672 677 hae
685 627 792 692 (absiste
805 644 860 678 mo·

431 715 496 780 veri)

131 804 246 850 amittes:
268 802 367 851 habitet
378 809 464 852 teeum
476 812 502 853 et
514 805 547 852 sit
559 811 662 868 pectore
675 804 702 853 in
714 805 773 854 isto.

59 896 111 938 410
131 905 201 939 nune
214 892 246 938 ad
260 899 285 939 te
298 899 323 939 et
336 898 380 940 tua
392 907 497 954 magna,
513 900 594 956 pater,
607 893 726 942 consulta
735 902 856 943 revertor.

131 979 152 1025 si
165 980 265 1026 nullam
278 980 372 1027 nostris
385 981 453 1029 ultra
466 996 537 1044 spem
549 982 624 1044 ponis
637 981 664 1028 in
677 982 764 1041 armis,

131 1067 152 1113 si
166 1074 219 1114 tam
232 1067 325 1115 deserti
338 1083 425 1115 sumus
439 1075 464 1116 et
476 1069 555 1117 semel
569 1069 673 1131 agmine
685 1083 758 1118 verso

131 1155 245 1202 funditus
259 1156 399 1203 occidimus
407 1171 491 1218 neque
499 1157 696 1206 habetFortuna
703 1172 856 1220 regressum,

131 1258 232 1291 oremus
245 1258 336 1305 paoem
350 1252 375 1291 et
387 1244 489 1294 dextras
501 1245 637 1294 tendamus
650 1245 748 1294 inertis.

58 1338 110 1381 415
131 1347 288 1394 quamquam
302 1347 317 1378 o
330 1332 351 1379 si
365 1333 456 1381 solitae
469 1334 609 1396 quiequam
621 1334 719 1382 virtutis
732 1335 842 1394 adesset,

10 1452 19 1477 ,
130 1421 174 1469 ille
187 1420 250 1468 mihi
265 1427 323 1468 ante
337 1420 402 1468 alios
414 1421 610 1484 fortunatusque
623 1422 742 1471 laborum

130 1511 300 1572 egregiusque
314 1510 402 1565 animi,
418 1511 471 1573 qui,
487 1511 583 1573 nequid
596 1510 648 1559 tale
660 1510 766 1570 videret,

130 1599 267 1661 procubuit
279 1600 391 1647 moriens
405 1607 430 1647 et
442 1599 549 1648 humum
562 1599 640 1648 semel
651 1612 696 1646 ore
706 1599 856 1648 momordit.

130 1688 169 1734 sin
184 1694 209 1735 et
222 1701 282 1749 opes
296 1687 370 1734 nobis
384 1693 410 1735 et
422 1688 507 1736 adhue
520 1689 617 1736 intaeta
629 1687 747 1735 iuventus

10 1810 20 1833 ,.
60 1781 110 1823 420
131 1775 280 1836 auxilioque
292 1774 368 1822 urbes
381 1774 462 1822 Italae
474 1775 617 1837 populique
630 1781 775 1837 supersunt,

130 1864 169 1910 siu
183 1868 208 1910 et
220 1862 341 1910 Troianis
355 1877 414 1910 eum
427 1863 509 1911 multo
521 1862 606 1925 gloria
618 1863 688 1911 venit

129 1951 255 2012 sanguine
269 1950 341 2012 (sunt
353 1950 406 1997 illis
418 1965 465 1998 sua
478 1951 577 2010 funera,
593 1966 691 2014 parque
703 1965 749 2015 per
762 1952 845 2000 omnis

129 2037 289 2100 tempestas),
304 2053 350 2087 eur
362 2038 495 2086 indecores
508 2039 535 2085 in
548 2039 638 2089 limine
650 2040 734 2102 primo

130 2126 280 2175 deficimus?
300 2142 344 2174 eur
361 2133 420 2175 ante
438 2126 526 2173 tubam
539 2133 634 2175 tremor
646 2136 757 2191 oeeupat
769 2128 857 2178 artus?

10 2258 13 2271 ,
59 2222 109 2264 425
129 2217 211 2263 multa
224 2215 278 2262 dies
291 2214 406 2277 variique
420 2214 493 2263 labor
506 2215 637 2264 mutabilis
650 2217 705 2265 aevi

129 2304 227 2353 rettulit
238 2303 265 2350 in
278 2304 380 2362 melius,
395 2304 490 2351 multos
504 2304 604 2352 alterna
615 2305 727 2354 revisens

129 2392 190 2440 lusit
203 2399 228 2440 et
240 2392 267 2438 in
280 2392 365 2439 solido
378 2406 465 2439 rursus
477 2391 592 2441 Fortuna
604 2393 707 2442 locavit.

10 2516 34 2549 n
129 2495 181 2528 non
194 2480 242 2529 erit
255 2480 353 2529 auxilio
366 2480 441 2528 uobis
454 2481 563 2528 Aetolus
577 2488 602 2529 et
613 2481 695 2543 Arpi:

129 2577 156 2617 at
166 2570 300 2632 Messapus
312 2570 360 2618 erit
371 2568 489 2635 felixque
501 2568 667 2620 Tolumnius
681 2574 712 2616 et
723 2575 796 2627 quoe

44 2661 98 2700 430
116 2661 155 2700 rot
161 2657 258 2716 populi
268 2659 365 2709 misere
381 2661 477 2724 duces,
493 2677 549 2714 nee
563 2673 655 2726 parra
665 2656 809 2715 sess.mm

88 2734 206 2786 Vergilius
695 2734 746 2784 31)
