1816 2956
83 166 124 213 22
132 167 148 212 4
325 177 351 215 Ρ.
368 176 491 215 VERGILI
510 176 642 216 MARONIS

152 321 295 394 ‘egregiam
307 347 367 381 vero
380 333 485 382 laudem
498 340 523 382 et
535 333 620 396 spolia
633 333 721 395 ampla
733 333 832 381 refertis

155 429 234 484 tuque
252 436 366 484 puerque
384 428 458 482 tuos3
478 402 603 484 magnum
621 429 646 471 et
658 422 827 470 memorabile
840 438 885 469 nn-

457 525 525 570 men,

99 602 135 646 95
155 599 283 651 unadolo
297 599 384 646 divom
396 599 418 646 si
431 599 528 647 semina
540 600 607 648 victo
620 601 764 647 duorumst.

155 701 203 736 nec
216 701 257 736 me
270 688 336 736 odeo
349 688 417 736 fallit
428 688 535 736 veritam
549 695 573 736 tc
587 689 690 736 moenia
703 695 791 736 nostra

155 783 287 838 suspectas
299 775 421 825 habuisse
435 777 526 824 domos
539 776 709 844 Karthaginis
723 777 799 825 altae.

155 865 199 913 sed
226 865 283 928 quis
308 866 357 914 erit
380 866 487 924 modus,
516 874 560 913 aut
585 881 637 927 qno
657 880 725 914 nunc
745 865 886 914 certamina

458 953 547 1002 tanta?

156 1041 219 1104 quin
231 1042 316 1105 potins
329 1058 420 1106 pacem
433 1050 564 1092 aeternam
576 1048 716 1104 pactosque
729 1041 885 1104 hymenaeos

83 1136 136 1182 100
156 1132 323 1180 exercemus?
342 1131 422 1180 habes
435 1138 490 1180 tota
503 1131 573 1194 quod
586 1137 671 1179 mente
684 1131 785 1192 petisti:

157 1221 230 1269 ardet
242 1235 332 1269 amans
344 1220 414 1268 Dido
428 1220 557 1282 traxitque
570 1234 615 1282 per
628 1234 688 1267 ossa
701 1219 824 1267 furorem.

156 1324 320 1358 communem
332 1309 402 1357 hunc
415 1323 477 1370 ergo
494 1310 620 1371 populum
637 1307 796 1370 paribusque
812 1322 884 1369 rega-

456 1412 513 1444 mus
564 1451 566 1454 ¹

156 1485 276 1548 auspiciis
287 1503 293 1545 ;
313 1487 391 1534 liceat
402 1485 516 1548 Phrygio
530 1487 622 1534 servire
635 1485 728 1532 marito

156 1575 302 1638 dotalisque
315 1582 374 1623 tuae
386 1574 478 1636 Tyrios
491 1575 637 1637 permittere
651 1566 775 1622 dextrae‘

86 1669 135 1713 105
192 1663 245 1713 Olli
259 1663 351 1727 (sensit
363 1665 433 1712 enim
445 1664 567 1711 simulata
579 1671 663 1711 mente
676 1664 800 1722 locutam,

157 1768 208 1816 quo
221 1768 330 1815 regnum
342 1752 434 1800 Italiae
446 1751 557 1814 Libycas
571 1759 695 1800 averteret
708 1752 779 1816 oras)

156 1843 193 1890 sic
207 1849 296 1891 contra
310 1849 348 1890 est
365 1841 482 1902 ingressa
494 1840 592 1888 Venus.
621 1830 690 1902 ‘quis
704 1841 768 1888 talia
781 1842 882 1890 demens

157 1931 254 1979 abnuat
266 1937 310 1978 aut
323 1938 407 1979 tecum
420 1930 494 1977 malit
506 1930 661 1978 contendere
675 1929 762 1977 bello?

156 2021 178 2068 si
191 2019 269 2067 modo
283 2019 352 2082 quod
366 2033 494 2066 memores
507 2018 603 2066 lactum
616 2018 720 2065 fortuna
733 2026 864 2080 sequatur.

84 2114 136 2156 110
156 2108 200 2156 sed
214 2107 272 2156 fatis
286 2108 385 2156 incerta
397 2107 474 2164 feror,
489 2107 511 2154 si
524 2107 639 2168 Iuppiter
652 2121 731 2153 unam

156 2211 210 2245 esse
223 2196 284 2244 velit
296 2197 380 2258 Tyriis
393 2197 483 2244 urbem
495 2196 626 2258 Troiaque
639 2194 762 2258 profectis

156 2284 288 2333 miscerive
301 2285 392 2347 probet
404 2285 515 2348 populos
529 2292 574 2333 aut
587 2284 692 2332 foedera
705 2284 788 2345 iungi.

156 2382 183 2422 tn
202 2373 331 2433 coniunx3
351 2373 397 2421 tibi
414 2373 453 2421 fas
472 2373 586 2421 animum
605 2379 729 2435 temptare
743 2373 881 2434 precando.

155 2477 233 2526 perge
244 2479 250 2522 ;
271 2453 384 2525 sequar.’
408 2468 462 2509 tum
475 2461 511 2509 sic
525 2462 626 2525 excepit
638 2461 711 2522 regia
722 2461 799 2509 Iuno.

84 2557 135 2599 115
155 2553 265 2600 ‘meeum
285 2552 333 2600 erit
350 2552 398 2601 iste
417 2550 500 2599 labor.
535 2565 603 2598 nunc
623 2565 675 2612 qua
694 2549 796 2598 ratione
816 2547 882 2612 quod

457 2639 536 2687 instat
