1816 2956
248 219 398 260 Asuuruos
416 220 502 259 elsua
524 221 563 259 vr.
742 209 802 257 297

78 388 212 427 venturum
225 377 366 425 Ausonios.
405 392 437 425 eu
450 377 514 426 haee
527 377 654 439 promissa
666 376 729 423 fides
742 374 810 423 esti'

78 468 123 515 ille
137 475 223 516 autem
233 457 327 528 ‘neque
340 473 365 514 te
378 465 476 514 Phoebi
490 466 590 514 eortina
603 464 702 524 fefellit,

78 557 131 604 dux
143 555 313 613 Anchisiade,
328 568 376 603 neo
388 569 430 603 me
443 555 506 602 deus
519 568 631 617 aequore
643 554 739 602 mersit.

78 660 190 707 namque
202 644 387 706 gubernaclum
400 644 483 691 multa
494 643 518 691 vi
531 643 597 692 forte
609 643 747 701 resonum,

31 739 58 782 30
78 735 119 782 eui
133 735 207 782 datus
220 731 359 780 haerebam
373 738 459 780 eustos
472 746 613 794 cursusque
625 731 756 794 regebam,

76 822 250 885 praecipitans
263 820 330 868 traxi
343 834 452 869 meeum.
480 821 563 868 maria
575 834 665 883 aspera
677 821 734 867 iuro

77 925 130 957 non
143 911 227 958 ullum
240 924 288 971 pro
300 923 341 957 me
354 915 454 956 tautum
468 909 566 972 cepisse
579 909 697 956 timorem

77 1013 156 1061 quam
169 1005 215 1046 tua
226 1012 268 1056 ne,
284 997 397 1059 spoliata
409 998 496 1056 armis,
512 1012 621 1046 excussa
633 997 769 1058 magistro,

78 1088 198 1135 deiiceret
210 1086 288 1133 tantis
300 1086 372 1133 navis
385 1086 548 1147 surgentibus
563 1087 646 1134 undis.

31 1182 57 1224 55
78 1176 123 1223 tris
136 1184 211 1223 notus
225 1174 346 1223 hibernas
359 1174 476 1222 inmensa
488 1189 534 1237 per
547 1189 661 1237 aequora
675 1180 765 1222 noctes

77 1265 147 1313 vexit
159 1278 200 1312 me
212 1263 339 1311 violentus
353 1277 437 1325 aqua3
457 1263 499 1311 vix
513 1264 610 1312 lumine
623 1269 716 1326 quarto

77 1353 198 1417 prospexi
212 1353 315 1401 Italiam
328 1367 429 1399 summa
441 1352 558 1400 sublimis
572 1352 603 1399 ab
617 1352 696 1399 unda.

77 1443 214 1506 paullatim
227 1441 373 1501 adnabam3
393 1448 477 1489 terrae
489 1441 541 1488 iam
553 1448 609 1488 tuta
622 1440 750 1498 tenebam,

76 1532 103 1579 ni
116 1546 179 1593 gens
193 1530 305 1578 crudelis
318 1530 422 1577 madida
435 1545 494 1578 oum
506 1536 574 1578 veste
586 1536 720 1590 gravatum

31 1625 57 1669 30
76 1627 293 1683 prensantemque
330 1619 402 1666 uncis
438 1617 558 1666 manibus
596 1617 682 1680 capita
716 1630 811 1680 aspera

376 1708 473 1755 montis

76 1794 143 1843 ferro
157 1796 292 1844 invasisset
305 1797 479 1858 praedamque
492 1795 585 1856 ignara
596 1801 720 1857 putasset.

75 1898 145 1931 nuno
158 1898 199 1931 me
211 1885 302 1932 fluctus
315 1883 394 1932 habet
406 1891 558 1946 versantque
571 1884 598 1931 in
612 1883 688 1931 litore
700 1882 778 1930 venti.

77 1972 146 2033 quod
160 1979 185 2020 te
198 1987 244 2035 per
256 1973 321 2021 caeli
335 1972 476 2020 iucundum
488 1972 576 2020 lumen
590 1979 616 2020 et
627 1987 712 2031 auras,

77 2075 122 2123 per
133 2061 278 2122 genitorem
291 2076 346 2119 oro,
362 2075 408 2123 per
420 2075 477 2123 spes
490 2061 618 2122 surgentis
631 2061 691 2120 Iuli,

31 2154 56 2197 55
77 2149 146 2211 eripe
160 2163 200 2197 me
213 2150 263 2208 his,
278 2150 380 2210 invicte,
396 2150 486 2197 malis:
507 2158 552 2198 aut
564 2157 592 2198 tu
604 2150 667 2198 mihi
681 2157 776 2199 terrem

76 2238 143 2286 inice
157 2237 280 2301 (namque
292 2239 377 2301 potes)
391 2246 532 2302 portusque
544 2239 645 2302 require
657 2239 775 2299 Velinus,

76 2335 121 2375 aut
134 2336 170 2386 tu,
186 2327 262 2389 siqua
272 2327 314 2374 via
326 2335 373 2387 eat,
389 2329 489 2390 siquam
503 2329 549 2376 tibi
563 2329 623 2378 diva
635 2328 746 2377 creatrix

76 2417 189 2465 ostendit
202 2416 389 2478 (nequeenim,
405 2417 491 2476 credo,
507 2419 563 2467 sine
575 2417 682 2466 numine
695 2418 781 2465 divom

74 2506 181 2553 flumina
194 2514 267 2553 tanta
278 2521 354 2569 paras
367 2503 536 2569 Stygiamque
548 2508 639 2556 innare
657 2506 803 2569 paludem),

31 2598 56 2641 lo
76 2595 110 2641 da
123 2595 240 2642 dextram
253 2595 347 2643 misero
360 2603 385 2643 et
397 2603 482 2644 tecum
496 2611 536 2645 me
549 2597 613 2645 tolle
626 2609 672 2659 per
685 2596 779 2653 undas,

75 2684 177 2732 sedibus
191 2690 220 2730 ut
231 2683 321 2732 saltem
336 2685 449 2748 placidis
461 2685 491 2735 in
502 2693 594 2734 morte
605 2672 762 2747 quiesem'·
