1816 2956
176 185 202 224 e.
220 184 308 224 veno.
325 185 398 223 uin.
415 182 564 223 Aruernos
582 183 669 222 umen
685 184 714 222 v.
785 174 847 223 249

116 344 171 406 ipse
184 341 343 405 gubernator
356 340 436 404 puppi
448 340 586 388 Palinurus
601 339 633 388 ab
647 341 708 399 alte,

115 432 184 490 ‘heu,
200 431 323 494 quianam
336 429 400 477 tenti
414 430 549 477 cinxerunt
561 429 665 478 aethera
678 428 778 476 nimbi?

116 521 224 584 quidve,
239 527 312 582 pater
323 518 450 581 Neptune,
470 510 571 580 parasl'
590 518 627 566 sic
639 518 733 566 deinde
746 518 850 568 locutus

64 615 96 658 15
117 609 240 670 colligere
255 621 327 654 arma
339 606 411 654 iubet
423 606 567 669 validisque
579 606 728 654 incumbere
741 607 818 656 remis

117 698 287 761 obliquatque
300 695 371 743 sinus
384 695 411 742 in
425 702 529 742 ventum
542 710 572 743 ac
585 695 648 742 talia
661 694 738 742 fatur.

113 777 291 848 ‘magnanime
303 785 403 843 Aenea,
419 799 480 841 uon,
496 783 518 831 si
531 783 594 831 mihi
607 782 722 846 Iuppiter
736 792 827 833 auctor

116 875 252 938 spondeat,
268 873 318 922 hoc
331 887 431 936 sperem
444 873 547 921 Italiam
560 873 709 934 contingere
723 874 805 922 caelo.

116 964 208 1013 mutati
222 970 366 1010 transversa
379 961 490 1009 fremunt
503 968 528 1010 et
539 975 644 1024 vespere
657 961 688 1010 ab
703 972 759 1010 atro

62 1058 97 1102 20
117 1058 279 1114 consurgunt
290 1051 358 1099 venti
372 1058 449 1112 atque
462 1050 489 1097 in
503 1050 598 1099 nubem
612 1051 713 1113 cogitur
727 1066 779 1101 aer.

116 1155 165 1189 nec
177 1155 226 1188 nos
239 1139 321 1188 obniti
335 1147 425 1188 contra
437 1153 486 1187 nec
498 1139 602 1187 tendere
616 1147 715 1188 tantum

117 1229 268 1278 sufficimus.
295 1235 398 1291 superat
411 1228 535 1290 quoniam
547 1228 670 1287 Fortuna,
686 1243 828 1292 sequamur

118 1332 222 1381 qnoque
234 1325 310 1366 vocat
322 1325 450 1365 vertamus
463 1316 519 1365 iter.
547 1331 595 1365 nec
609 1318 685 1366 litora
698 1319 778 1381 longe

118 1408 171 1455 fida
182 1421 242 1455 reor
254 1406 367 1454 fraterna
379 1406 468 1468 Erycis
481 1415 621 1469 portusque
634 1405 752 1467 Sicanos,

64 1501 97 1545 25
118 1496 140 1544 si
154 1495 233 1543 modo
246 1496 294 1544 n'te
307 1510 406 1543 memor
418 1503 518 1544 servata
531 1497 651 1544 remetior
664 1488 753 1546 astra.'

118 1592 173 1633 tum
185 1584 243 1647 pius
255 1584 359 1633 Aeneas
369 1574 500 1646 ‘equidem
512 1584 549 1632 sic
563 1599 668 1647 poscere
681 1593 770 1634 ventos

117 1673 261 1722 iandudum
274 1680 300 1720 et
312 1673 406 1720 frustra
418 1686 495 1720 cerno
508 1680 533 1720 te
546 1674 650 1722 tendere
664 1681 763 1723 contra.

116 1762 190 1810 flecte
202 1761 272 1809 viam
283 1761 355 1809 velis.
384 1776 417 1809 an
430 1761 464 1808 sit
476 1760 539 1808 mihi
552 1762 651 1823 gratior
664 1763 718 1812 ulla

116 1865 199 1913 quove
212 1850 296 1911 magis
310 1848 389 1898 fessas
403 1857 490 1912 optem
503 1851 637 1899 demittere
650 1851 721 1900 navis

59 1946 96 1990 ³0
116 1954 195 2002 quam
208 1954 275 2002 quae
287 1937 450 1986 Dardanium
463 1939 539 1987 tellus
557 1939 621 1987 mibi
638 1948 723 1989 servat
734 1942 849 1990 Acesten
867 1975 869 1979 -

116 2035 141 2076 et
153 2029 232 2091 patris
245 2027 377 2077 Anchisae
390 2029 489 2089 gremio
503 2028 675 2090 conplectitur
682 2023 772 2078 ossai’

116 2117 181 2166 haec
193 2117 238 2165 ubi
252 2118 330 2175 dicta,
346 2123 436 2179 petunt
448 2125 536 2180 portus
549 2125 574 2165 et
586 2120 643 2166 vela
655 2120 763 2169 secundi

114 2206 252 2255 intendunt
264 2206 377 2268 zephyri,
392 2205 472 2254 fertur
484 2207 535 2254 cita
546 2207 649 2268 gurgite
662 2208 752 2257 classis

71 2311 75 2318 ·
115 2303 140 2345 et
153 2296 259 2344 tandem
272 2296 332 2344 laeti
345 2303 422 2342 uotae
435 2295 602 2343 advertuntur
615 2296 736 2346 harenae.

56 2391 93 2436 35
150 2385 187 2433 At
199 2384 291 2447 procul
305 2398 337 2433 ex
350 2384 420 2432 celso
434 2385 540 2432 miratus
553 2387 648 2434 vertice
661 2387 757 2435 montis

114 2474 254 2521 adventum
266 2472 403 2535 sociasque
416 2481 482 2521 rates
495 2476 607 2522 occurrit
619 2476 736 2533 AcestcS,
791 2500 795 2507 ·

112 2562 234 2610 horridus
247 2563 274 2609 in
287 2562 379 2610 iaculis
393 2571 418 2609 et
430 2562 498 2624 pelle
510 2561 651 2625 Libystidis
665 2579 750 2624 ursae,

111 2651 193 2700 Troia
206 2649 318 2699 Crimiso
332 2659 485 2714 conceptum
498 2651 608 2703 flumine
618 2660 706 2703 enatet
