1816 2956
271 197 420 236 seunmos
439 197 525 236 trena
543 198 594 236 vrr.
768 189 824 236 331

104 356 165 416 quin
180 355 257 402 etiam
270 355 353 417 patria
367 368 487 402 excussos
501 355 594 403 infesta
607 371 653 417 per
665 356 748 403 nudas

51 449 83 490 00
103 458 166 491 ausa
179 444 250 505 sequi
265 451 290 491 et
302 443 419 505 profugis
433 450 487 492 toto
501 459 542 492 me
555 459 686 507 opponere
699 451 788 506 ponto.

103 531 254 594 absumptae
266 532 293 578 in
307 532 421 580 Teucros
434 533 500 581 vires
514 533 631 596 caelique
644 533 783 595 marisque.

103 620 164 682 qnid
179 619 265 682 Syrtes
279 628 323 668 aut
335 619 423 683 Scylla
436 621 508 680 mihi,
525 623 586 684 quid
600 629 672 670 veste
686 620 830 683 Charybdis

102 709 217 771 profuit?
237 716 325 772 optato
340 710 486 759 conduntur
498 710 638 773 Thybridis
652 711 732 769 alveo,

102 798 185 845 securi
199 799 285 860 pelagi
299 805 377 861 atque
389 800 449 847 mei.
477 800 547 847 Mars
559 801 666 862 perdere
679 807 782 860 gentem

51 891 81 934 05
102 887 233 934 inmanem
246 887 387 950 Lapithum
400 889 488 947 valuit,
505 890 632 937 concessit
644 889 670 936 in
684 889 735 936 iras

102 976 155 1037 ipse
170 976 246 1023 deum
259 977 391 1039 antiquam
405 977 507 1038 genitor
520 975 658 1039 Calydona
669 977 787 1035 Dianne;

103 1065 171 1126 quod
191 1065 275 1113 scelus
297 1073 342 1112 eut
360 1065 485 1128 Lapithas
510 1074 609 1114 tantum
629 1073 673 1114 aut
692 1065 828 1128 Calydona

402 1155 559 1203 merentem?

102 1250 140 1290 ast
153 1257 211 1304 ego,
228 1257 324 1304 magna
335 1243 403 1291 Iom's
418 1244 546 1303 coniunx,
569 1244 606 1292 nil
626 1244 743 1305 linquere
756 1243 829 1292 inau-

402 1347 459 1380 sum

101 1435 167 1482 quae
179 1420 252 1482 potui
265 1419 365 1479 infelix,
382 1436 448 1484 quue
461 1427 556 1470 memet
567 1421 594 1468 in
608 1421 696 1469 omnia
708 1422 780 1480 verti,

51 1514 82 1556 10
101 1511 190 1558 vincor
202 1509 234 1556 ab
248 1509 347 1557 Aenea.
375 1511 444 1572 quod
459 1510 479 1557 si
493 1525 552 1558 mea
565 1510 671 1557 numina
684 1524 737 1557 non
750 1518 811 1558 sunt

101 1613 195 1660 magna
220 1598 296 1657 satis,
324 1599 438 1646 dubitem
460 1599 529 1647 hand
555 1599 675 1661 equidem
697 1599 828 1662 inplorare

403 1688 471 1749 quod
485 1695 629 1751 usquamst.

100 1775 200 1822 flectere
214 1775 234 1822 si
249 1790 349 1837 nequeo
362 1791 477 1838 superos,
493 1776 643 1824 Acheronta
657 1776 774 1825 movebo.

102 1877 152 1909 non
167 1863 270 1910 dabitur
282 1865 376 1924 regnis,
393 1873 455 1922 esto,
472 1864 608 1927 prohibere
622 1864 722 1913 Latinis

102 1960 178 2014 atque
191 1951 290 1999 inmota
303 1960 390 2000 manet
402 1952 461 1999 fatis
475 1952 584 2001 Lavinia
598 1955 726 2001 coniunx:

52 2047 81 2088 15
102 2041 242 2088 attrahere
256 2048 332 2104 atque
346 2056 431 2089 moras
457 2041 534 2090 tantis
549 2042 609 2090 licet
622 2043 716 2091 addere
730 2043 814 2101 rebus,

101 2136 128 2176 at
141 2130 201 2177 licet
214 2129 348 2177 amborum
361 2132 472 2193 populos
486 2131 624 2180 excindere
637 2147 737 2194 regum.

100 2219 149 2266 has
162 2227 331 2282 generatque
344 2234 418 2268 socer
431 2226 523 2267 coeant
535 2221 652 2269 mercede
665 2236 779 2268 suorum.

100 2309 227 2369 sanguine
240 2309 355 2356 Troiano
368 2316 394 2358 et
406 2309 503 2357 Rutulo
517 2309 647 2369 detrahere,
664 2310 744 2371 virgo,

101 2404 127 2444 et
137 2396 249 2444 Bellona
262 2406 348 2446 manet
361 2406 385 2446 te
399 2398 524 2461 pronuba.
552 2414 600 2448 nec
614 2400 669 2448 face
683 2406 783 2446 tantum

51 2491 82 2533 20
102 2485 197 2534 Cisseis
210 2501 338 2548 praegnas
352 2487 419 2550 ignis
433 2488 512 2537 enixa
523 2488 641 2552 iugales,

94 2574 156 2632 quin
169 2575 238 2623 idem
256 2577 351 2628 Veneri
365 2589 462 2644 partus
478 2595 544 2630 snos
560 2577 682 2629 etanis
696 2573 768 2619 alter
856 2631 868 2648 ἲ

77 2657 255 2726 funestaeque
267 2668 371 2721 iterum
387 2674 518 2725 recidive
529 2673 567 2722 in
578 2671 733 2728 Pergama
744 2647 864 2700 mm·
