1816 2956
79 171 139 218 348
316 180 343 217 P.
360 179 481 217 venerer
502 179 633 218 nunonis

148 337 200 385 iam
213 336 314 394 senior3
335 335 424 397 patriis
436 336 480 383 sed
495 349 547 382 non
561 337 666 384 attilius
680 338 747 384 arvis

149 431 284 473 contentus
297 425 349 472 late
361 424 414 471 iam
427 431 481 471 tum
494 424 596 472 dicione
609 424 714 472 tenebat

149 512 272 561 Sarrastis
285 513 395 574 populos
409 521 434 560 et
447 526 513 574 quae
525 513 593 573 rigat
604 528 720 574 aequora
734 513 847 574 Sarnus,

149 602 245 664 quique
257 600 350 648 Rufras
362 600 537 662 Batulumque
554 609 642 649 tenent
660 608 738 663 atque
756 619 822 652 arva
835 603 884 653 Ce-

449 689 560 747 lemnae,

80 783 129 828 740
149 785 174 827 et
186 792 252 840 quos
265 777 398 826 maliferae
412 778 562 839 despectant
575 778 678 826 moenia
690 777 814 838 Abellae,

149 867 293 914 Teutonico
307 867 358 914 ritu
370 866 439 913 soliti
453 874 573 928 torquere
587 867 697 926 cateias3

149 956 265 1017 tegmina
277 955 334 1016 quis
348 955 461 1016 capitum
475 962 563 1017 raptus
578 955 609 1002 de
622 955 713 1003 subere
726 964 830 1016 cortex,

149 1052 303 1105 aerataeque
316 1044 413 1091 micant
425 1045 519 1106 peltae,
535 1043 614 1090 nuent
626 1057 715 1091 aereus
729 1045 811 1093 ensis.
827 1099 828 1103 Ἰ

183 1133 216 1180 Et
229 1139 253 1180 te
265 1141 400 1180 montosae
412 1133 504 1180 misere
518 1133 544 1179 in
558 1132 657 1194 proelia
669 1131 777 1191 Nersae,

80 1226 128 1271 745
148 1221 237 1279 Ufens,
253 1221 382 1282 insignem
395 1221 465 1269 fama
477 1230 503 1269 et
515 1220 633 1268 felicibus
647 1221 740 1280 armis3

149 1310 255 1357 horrida
267 1309 405 1372 praecipue
419 1310 460 1356 cui
473 1324 535 1370 gens
550 1310 707 1371 adsuetaque
720 1310 808 1357 multo

148 1406 242 1447 venatu
254 1413 397 1456 nemorum,
413 1398 483 1445 duris
497 1399 643 1459 Aequicula
654 1398 762 1459 glaebis.

149 1488 241 1536 armati
254 1495 347 1534 terram
361 1495 481 1534 exercent
494 1502 644 1549 semperque
658 1488 767 1534 recentis

150 1583 299 1624 convectare
313 1576 383 1622 iuvat
395 1576 504 1637 praedas
518 1583 542 1623 et
555 1576 637 1623 vivere
650 1582 734 1638 rapto.

80 1670 129 1715 750
185 1663 254 1724 Quin
268 1672 293 1712 et
305 1664 435 1711 Marruvia
448 1665 517 1711 venit
530 1665 560 1711 de
573 1672 649 1725 gente
663 1665 795 1722 sacerdos,

149 1753 239 1801 fronde
252 1767 329 1815 super
340 1753 443 1813 galeam
456 1762 480 1800 et
493 1753 561 1800 selici
575 1762 691 1814 comptus
705 1754 783 1811 oliva,

148 1842 274 1904 Archippi
288 1844 355 1902 regis
368 1842 457 1899 missu,
473 1842 626 1888 tortissimus
640 1842 746 1900 Umbro,

148 1932 251 1994 vipereo
264 1930 352 1991 generi
367 1937 391 1978 et
404 1930 515 1991 graviter
528 1930 683 1991 spirantibus
697 1930 785 1991 hydris

148 2033 268 2082 spargere
283 2019 325 2080 qui
339 2033 443 2066 somnos
458 2025 585 2080 cantuque
599 2033 729 2080 inanuque
743 2020 849 2069 solebat

79 2114 91 2158 7
97 2115 128 2156 55
148 2107 329 2169 mulcebatque
342 2107 392 2154 iras
406 2114 431 2154 et
443 2122 542 2154 morsus
556 2117 610 2156 arte
624 2108 732 2155 levabat.

148 2197 192 2244 sed
206 2211 258 2243 non
272 2195 421 2243 Dardaniae
434 2196 557 2242 medicari
572 2196 684 2257 cuspidis
698 2197 778 2243 ictum

149 2286 244 2334 evaluit
256 2300 340 2347 neque
354 2299 412 2332 eurn
425 2284 510 2332 iuvere
523 2285 550 2330 in
563 2285 666 2333 voluere
680 2292 771 2332 eamus

148 2375 279 2422 somniferi
294 2381 318 2422 et
330 2373 422 2420 Marsis
437 2372 567 2434 quaesitae
580 2373 710 2420 montibus
724 2373 830 2423 herbae.

147 2471 172 2512 te
184 2478 275 2512 neruus
289 2462 421 2525 Angitiae,
436 2461 516 2508 vitrea
529 2470 553 2509 te
566 2462 677 2509 Fucinus
691 2463 771 2521 unda,

58 2555 113 2602 760
133 2564 158 2605 re
171 2556 272 2623 liquidi
287 2539 384 2608 llorere
396 2555 483 2607 lacus.

156 2648 225 2702 Ibat
239 2661 268 2704 et
283 2650 435 2721 [fippolyfi
451 2648 547 2714 proles
560 2631 842 2706 pulslierrirnabello„
