1816 2956
299 208 447 248 lanuinus
468 209 554 248 LIBER
571 211 613 248 111.
793 202 849 248 ¹211

127 365 266 413 sternimur
279 375 383 428 optatae
396 367 495 427 gremio
509 367 608 414 telluris
622 368 653 413 ad
667 368 773 427 undam,

56 459 108 502 510
128 453 211 501 sortiti
227 468 320 512 remos,
335 455 483 516 passimque
496 456 523 502 in
537 456 612 503 litore
626 457 695 503 sicco

128 557 238 605 corpora
252 557 384 601 curamus;
406 541 485 590 sessos
500 559 578 606 sopor
590 544 686 605 inrigat
699 553 777 592 artus.

127 632 239 679 necdum
253 630 341 679 orbem
355 631 468 678 medium
482 631 540 679 Nox
554 631 630 678 Horis
644 640 701 680 aeta
714 633 825 691 subibat,

128 721 198 768 haud
212 720 297 781 segnis
311 727 391 767 strato
404 720 487 781 surgit
499 720 638 766 Palinurus
652 728 677 768 et
690 722 773 769 omnis

96 840 99 845 ·
128 809 249 872 explorat
261 817 350 857 ventos
364 816 441 870 atque
455 809 559 856 auribus
573 823 633 856 aera
647 816 741 871 captat,

56 903 108 948 515
128 899 214 945 sidera
228 905 320 944 cuneta
333 904 406 943 notat
419 897 497 945 tacito
511 896 626 944 labentia
640 897 722 954 caelo,

128 994 258 1034 arcturum
272 985 424 1047 pluviasque
437 986 535 1046 hyadas
549 986 718 1046 geminosque
732 985 838 1045 triones,
854 1012 856 1017 ·

128 1087 307 1136 armatumque
321 1088 384 1121 auro
399 1074 573 1135 circumspicit
587 1072 694 1121 Oriona.

128 1171 266 1226 postquam
280 1171 372 1209 cuncta
385 1163 453 1210 videt
467 1163 539 1210 caelo
553 1143 671 1210 constare
684 1176 784 1222 sereno,

128 1254 173 1300 dat
186 1253 284 1300 clarum
298 1266 311 1299 e
325 1252 403 1314 puppi
419 1252 536 1312 signum3
556 1266 603 1298 nos
624 1257 707 1298 castra
725 1266 858 1300 movemus

56 1347 107 1391 520
128 1348 335 1403 temptamusque
348 1340 416 1387 viam
430 1347 455 1387 et
467 1340 582 1387 velorum
595 1340 734 1401 pandimus
748 1341 811 1388 alas.

127 1430 231 1492 iamque
244 1428 396 1476 rubescebat
408 1429 489 1476 stellis
502 1429 605 1475 Aurora
619 1429 723 1490 fugatis,

127 1533 186 1566 curn
200 1517 289 1580 procul
304 1517 426 1565 obscuros
441 1517 514 1565 collis
528 1517 704 1579 humilemque
717 1519 832 1566 videmus

127 1607 239 1655 Italiam.
267 1605 371 1653 ltaliam
384 1606 480 1668 primus
494 1606 640 1652 conclamat
653 1607 775 1665 Achates,

126 1695 231 1743 Italiam
245 1695 313 1742 laeto
327 1694 390 1740 socii
404 1694 517 1741 elamore
530 1695 652 1741 salutant.

56 1790 107 1833 525
129 1791 183 1831 tum
197 1791 270 1845 pater
282 1782 409 1829 Anchises
423 1796 546 1843 magnum
560 1790 658 1830 cratera
672 1798 769 1831 corona

127 1872 213 1918 induit
226 1871 385 1933 inplevitque
398 1884 469 1917 mero
484 1871 607 1932 divosque
621 1871 721 1919 vocavit

127 1969 197 2007 stans
212 1959 281 2007 celsa
294 1959 320 2005 in
334 1958 423 2020 puppi.

123 2038 161 2095 ‘di
174 2048 252 2095 maris
267 2055 386 2095 61161166
399 2054 631 2109 tempestatumque
644 2056 772 2110 potentes⁷

126 2136 190 2184 ferte
203 2136 271 2183 viam
284 2143 359 2184 vento
374 2135 476 2183 facilem
490 2143 515 2183 et
527 2137 622 2198 spirate
635 2130 761 2185 secundi?

55 2230 107 2273 530
128 2224 292 2272 crebrescant
305 2231 409 2286 optatae
422 2239 500 2273 aurae
513 2233 655 2288 portusque
667 2226 777 2288 patescit

126 2314 179 2361 iam
192 2314 299 2376 propior
311 2313 486 2374 templumque
495 2306 602 2375 adpa'ret
613 2315 639 2360 in
647 2329 705 2362 arce
713 2316 852 2364 Minervae.

127 2403 185 2449 vela
198 2402 288 2462 legunt
301 2402 364 2449 socii
378 2408 402 2448 et
415 2416 505 2462 proras
518 2403 550 2449 ad
564 2403 641 2450 litora
654 2410 783 2465 torquent.

127 2497 216 2552 portus
230 2489 261 2536 ab
276 2504 355 2537 euroo
368 2489 446 2537 fluctu
460 2498 578 2538 emeatus
591 2491 617 2538 in
632 2507 735 2549 arcum3

127 2579 244 2626 obiectae
257 2578 326 2625 salsa
340 2586 461 2639 spumant
474 2579 629 2640 adspargine
643 2587 746 2639 cautes3

54 2672 105 2716 535
126 2668 181 2729 ipse
195 2668 274 2725 latet;
293 2666 397 2727 gemino
412 2661 698 2718 clemittuntliracclna
707 2682 791 2715 muro
817 2668 819 2671 ’
852 2684 876 2775 ¹

656 2744 719 2797 ll*
