1816 2956
271 153 418 194 nunulnos
436 155 523 194 maun
539 156 593 195 ΧΠ.
766 147 798 194 51

105 310 171 358 alitis
184 310 211 357 in
223 325 317 373 parvae
330 311 442 359 subitam
456 312 565 360 collecta
578 312 696 372 figuram,

106 414 169 459 quae
183 401 313 461 quondam
328 400 354 446 in
368 400 448 447 bustis
462 407 507 446 unt
519 399 673 448 culminibus
687 401 793 449 desertis

106 496 178 537 noete
191 489 283 536 sedens
296 504 381 536 serum
394 488 464 536 canit
475 488 616 550 inportuna
628 502 674 551 per
687 489 800 547 umbrae,

47 579 84 622 165
104 575 170 624 hanc
183 592 256 626 versa
268 579 295 625 in
309 577 400 625 faciem
413 575 494 623 Turni
507 590 535 624 se
546 576 624 638 pestis
638 576 670 624 ob
685 592 731 625 ora

104 665 202 727 fertque
215 666 343 727 refertque
356 678 451 713 sonans
463 664 626 726 clipeumque
633 665 764 714 everberat
771 665 826 714 alis.

105 753 142 801 illi
157 754 271 801 membra
284 767 363 800 novos
376 752 453 800 solvit
465 753 602 801 formidine
616 761 712 815 torpor,

105 849 269 902 arrectaeque
282 841 389 890 herrore
402 855 499 900 comae,
515 848 540 889 et
549 855 600 888 vox
609 840 726 889 faucibus
736 842 827 890 haesit.

106 936 132 974 at
144 930 234 989 procul
247 937 275 976 ut
286 929 366 977 Dirae
379 929 515 977 stridorem
528 930 651 991 adgnovit
664 937 689 978 et
701 931 765 991 alas,

47 1021 86 1065 eo
105 1016 196 1064 infelix
210 1017 285 1064 crinis
299 1018 393 1065 scindit
405 1016 513 1066 Iuturna
525 1018 633 1077 solutos,

105 1104 234 1165 unguibus
248 1120 294 1152 ora
305 1120 378 1152 soror
391 1106 498 1153 foedans
512 1115 537 1154 et
549 1115 654 1169 pectora
666 1107 768 1169 pugnis.

101 1183 175 1255 ‘quid
190 1208 258 1242 nune
271 1201 296 1242 te
309 1201 361 1252 tua,
376 1194 472 1251 Turne,
493 1201 577 1256 Potest
589 1208 713 1255 germana
725 1195 830 1244 iuvare?

106 1291 150 1330 aut
168 1283 228 1345 quid
246 1283 299 1332 iarn
312 1283 390 1330 durae
407 1290 512 1344 superat
524 1282 604 1329 mihi?
623 1297 675 1344 qua
687 1282 734 1330 tibi
746 1284 830 1331 lucem
867 1288 870 1293 '

105 1379 160 1419 arte
172 1371 274 1420 morer?
294 1371 357 1419 talin
370 1385 475 1433 possum
488 1385 529 1418 me
542 1385 673 1433 opponere
685 1371 818 1420 monstro?

55 1464 83 1508 75
104 1460 155 1507 iam
168 1460 220 1507 ium
233 1460 324 1523 linquo
338 1460 414 1508 acies.
443 1473 474 1508 ne
487 1474 528 1507 me
541 1466 633 1507 terrete
646 1459 786 1519 timentem,

104 1548 231 1597 obscenae
243 1549 374 1597 volueres:
395 1549 495 1596 alarum
508 1547 614 1596 verbera
626 1562 705 1595 nosco

103 1639 258 1700 letalemque
271 1651 373 1695 sonum,
389 1651 437 1684 nee
450 1636 544 1684 fallunt
556 1636 626 1683 iussa
638 1636 749 1699 superba
820 1628 822 1633 ’

104 1725 263 1786 magnanimi
276 1724 351 1771 Iovis.
380 1724 445 1772 haee
457 1738 504 1787 pro
517 1724 664 1785 virginitate
676 1725 795 1788 reponit?

103 1828 155 1875 qno
168 1815 246 1860 vitam
265 1812 337 1860 dedit
353 1812 501 1860 aeternam?
521 1827 566 1860 eur
584 1813 673 1861 mortis
686 1814 832 1876 ademptast

104 1901 241 1950 condicio?
260 1914 361 1963 possem
374 1907 460 1948 tantos
473 1900 546 1948 finire
560 1901 662 1949 dolores

104 2005 173 2038 nune
190 1999 257 2038 certe
276 1996 300 2037 et
318 1989 411 2037 misero
425 1988 496 2036 lratri
510 2003 595 2037 eomes
609 1990 645 2037 ire
658 2004 703 2052 per
716 1989 828 2038 umbras.

102 2078 247 2126 inmortalis
261 2078 326 2139 ego?
346 2085 391 2126 aut
404 2077 543 2140 quicquam
556 2077 618 2125 mihi
630 2079 705 2127 dulce
715 2093 830 2126 meorum

103 2174 127 2215 te
140 2167 204 2225 sine,
220 2165 307 2226 irater,
323 2166 387 2214 erit?
406 2180 421 2212 ο
436 2180 503 2229 quae
515 2165 577 2213 satis
591 2165 644 2214 altu
656 2166 772 2214 dehiscat

106 2263 171 2303 terra
185 2255 248 2302 mihi
262 2256 397 2318 manisque
410 2255 485 2303 deam
498 2255 616 2302 demittat
629 2256 662 2302 ad
675 2249 773 2302 imosl'

114 2351 203 2391 autum
216 2343 294 2392 effata
307 2351 383 2406 eaput
395 2344 488 2404 glauco
502 2343 617 2391 contexit
630 2344 733 2400 amictu,

119 2432 184 2480 tulta
196 2445 310 2493 gemens,
327 2439 390 2480 etse
403 2432 479 2479 fluvio
494 2432 542 2480 dea
556 2431 671 2480 condidit
684 2432 746 2478 alto.

138 2520 240 2568 Aeneas
254 2520 332 2568 instat
345 2528 435 2568 contra
447 2521 578 2583 telumque
592 2526 710 2567 coruscat

131 2621 194 2670 gena
207 2608 344 2656 arboreum
358 2615 383 2656 et
394 2622 470 2656 saevo
484 2608 521 2656 sio
533 2615 638 2671 pectore
651 2607 727 2654 fatur.
