1816 2956
46 159 64 204 4
72 159 86 206 5
94 159 109 207 8
288 169 315 207 P·
332 167 453 207 tunsus
473 166 603 207 nuuonls

117 332 232 383 testetur,
248 324 333 372 solum
346 324 417 386 posci
430 324 456 370 in
471 325 611 372 certamina
623 324 752 373 Turnum.

117 414 198 460 multe
211 413 288 460 simul
302 420 392 460 contra
404 412 480 460 variis
493 413 621 461 sententis
633 413 709 461 dictis

116 515 163 563 pro
176 499 274 562 Turno,
297 507 322 548 et
334 515 459 562 maguum
472 501 576 562 reginae
589 515 684 550 nomeu
698 502 847 563 obumbrat,

116 590 198 637 multo
210 590 292 637 virum
305 590 401 637 meritis
415 595 542 637 sustentat
554 590 622 637 fame
635 592 761 652 tropacis.

43 682 96 725 225
152 677 206 726 Hos
219 678 285 726 iuter
297 685 390 736 motus,
407 678 493 725 medio
506 678 533 724 in
545 677 671 738 flagrante
688 681 813 740 tumultu,

116 781 176 815 ecce
188 781 265 830 super
278 767 368 815 maesti
381 781 477 827 magua
488 766 623 814 Diomedis
636 766 668 814 ab
682 768 748 816 urbe

116 856 196 917 legati
208 869 332 918 responsa
344 855 438 914 ferunt,
454 854 518 902 nihil
532 855 652 902 omnibus
665 864 755 905 actum

117 952 248 992 tantorum
260 943 375 1006 inpensis
389 958 508 1006 operum,
524 943 561 992 nil
575 944 644 991 done
656 958 743 1006 neque
758 961 848 994 aurum

117 1047 165 1081 nec
179 1047 286 1093 magnus
299 1032 410 1080 valuisse
422 1046 520 1095 preces,
536 1032 588 1080 ulia
601 1046 674 1080 orme
688 1032 792 1082 Latinis

43 1127 96 1170 230
117 1121 264 1184 quaerenda
282 1127 326 1167 eut
343 1135 434 1182 paoem
447 1120 562 1168 Troiano
576 1119 607 1169 ab
622 1134 682 1182 rege
696 1124 846 1184 petendum.
892 1162 895 1187 :

117 1210 203 1258 deficit
215 1209 313 1270 ingenti
327 1208 397 1256 luctu
410 1223 456 1256 rex
467 1210 522 1271 ipse
534 1209 652 1256 Latinus.

116 1298 223 1346 fatalem
235 1299 343 1346 Aenean
357 1297 493 1345 manifesto
507 1298 612 1345 numius
625 1297 685 1344 ferri
892 1276 895 1335 t

116 1388 239 1436 admonet
251 1387 290 1433 iro
303 1387 380 1434 deum
392 1385 537 1446 tumulique
550 1392 610 1433 aute
622 1400 669 1433 ors
682 1396 813 1436 recentes.

116 1490 177 1536 ergo
192 1475 331 1523 concilium
344 1488 468 1535 magnum
480 1474 630 1536 primosque
643 1489 753 1524 suorum
882 1473 895 1531 l

44 1570 97 1613 235
117 1565 225 1626 imperio
240 1563 335 1611 accitos
349 1563 402 1610 alta
415 1563 482 1610 intre
497 1562 587 1609 limine
599 1563 677 1623 cogit.

117 1654 161 1700 olli
176 1667 317 1701 convenere
330 1658 457 1713 ruentque
471 1651 503 1698 ad
517 1651 588 1711 regie
601 1651 685 1713 plenis

116 1750 184 1791 tecta
196 1742 251 1789 viis.
280 1741 351 1788 sedet
363 1740 389 1786 in
403 1740 493 1788 modiis
507 1747 532 1786 ct
545 1740 673 1786 maximus
687 1755 752 1788 nero

116 1840 141 1879 ot
153 1831 250 1893 primus
264 1829 379 1891 sceptris,
395 1828 464 1875 haud
477 1827 545 1874 laete
558 1827 651 1886 fronte,
666 1827 789 1877 Latinus.

116 1927 193 1981 etque
206 1918 249 1965 hic
263 1918 362 1978 legatos
375 1917 470 1964 Aetola
483 1930 515 1963 ex
527 1916 590 1963 urbe
603 1916 725 1964 remissos

44 2015 96 2056 240
117 2023 183 2069 quae
196 2006 308 2054 reserant
320 2005 368 2053 fari
382 2005 453 2052 iubet
466 2012 491 2052 ct
503 2019 626 2066 response
640 2006 754 2067 reposcit

116 2096 206 2142 ordine
220 2102 312 2143 cuncta
325 2109 381 2141 suo.
408 2101 462 2140 tum
475 2093 544 2140 fecta
556 2093 659 2140 silentia
672 2093 782 2154 linguis,

116 2193 140 2232 et
153 2183 269 2230 Venulus
284 2183 352 2229 dieto
366 2197 458 2243 parens
471 2180 507 2228 ita
521 2180 597 2229 farier
610 2181 675 2227 infit.

149 2262 291 2329 ‘Vitlimns,
312 2271 416 2328 ocives,
432 2270 586 2318 Diomedem
599 2269 751 2330 Argivaque
767 2281 848 2320 (eastra

116 2368 194 2422 etque
206 2360 255 2407 iter
268 2358 363 2407 emensi
378 2373 452 2405 ossus
465 2359 640 2419 superavimus
655 2358 739 2406 omnis

44 2456 95 2498 245
116 2449 322 2511 contigimusque
335 2461 440 2493 manum
454 2462 506 2507 qua
519 2446 636 2493 concidit·
645 2446 694 2492 llia
708 2448 798 2496 telins.

106 2543 154 2594 me
169 2542 262 2594 urbem
277 2537 440 2604 Argyripam
451 2535 551 2597 putrise
563 2534 715 2593 cognomino
729 2539 817 2594 gentis

98 2640 189 2690 victor
206 2635 332 2704 Gargeni
350 2620 608 2684 eonneuutiuppuis
620 2618 697 2664 erus.
