1816 2956
113 187 172 236 lib
351 192 378 235 P.
394 190 516 234 nautor
531 186 662 233 Mauortis

217 353 245 402 Si
255 366 327 412 vero,
342 351 466 414 qnoniam
478 362 553 398 casus
566 349 657 413 apibus
671 356 774 412 quoque
787 355 891 398 nostros

181 442 233 490 vita
244 442 312 500 tulit,
327 440 393 488 tristi
406 437 565 500 languebunt
578 452 687 501 corpora
698 437 789 486 morbo
802 465 837 472 -

183 529 318 594 quodiam
330 542 384 576 uon
397 527 480 576 dubiis
493 528 589 590 poteris
602 538 759 589 cognoscere
771 527 866 589 siguis:

181 618 307 667 conduco
319 624 357 665 cst
369 616 453 678 aegris
466 616 531 664 alius
545 616 625 675 color,
641 616 747 664 horrida
759 616 858 663 voltum

113 712 164 756 255
180 706 310 755 defonnat
321 704 425 764 macies,
441 711 495 752 turn
509 718 618 766 corpora
630 704 687 753 luco
701 711 833 752 carentum

182 800 320 858 expertam
332 794 405 842 tactis
419 799 444 842 et
455 792 538 840 tristia
550 791 641 841 lunera
653 793 759 851 ducunt,
774 835 776 841 .

184 882 302 932 aurillac
312 881 422 944 pedibus
435 894 549 930 conexae
563 883 595 929 ed
609 881 701 930 limina
713 881 836 944 pendent,

166 971 229 1020 aut
239 971 309 1019 intus
323 969 417 1018 clausis
430 976 583 1018 cunctantur
595 970 622 1017 ln
636 969 750 1029 aedibus,
767 984 857 1018 ornnes
873 1019 875 1023 ,

184 1061 343 1122 ignavaeque
355 1056 423 1106 lame
436 1064 461 1106 et
473 1064 606 1108 contracto
619 1058 715 1119 frigore
728 1058 817 1120 pigrae

114 1154 165 1198 260
185 1148 251 1212 (turn
264 1161 342 1195 sonus
355 1147 458 1195 auditur
469 1146 572 1207 gravior
585 1146 736 1220 tractimque
749 1154 891 1206 susurrant,

185 1237 294 1299 frigidos
305 1241 334 1282 ut
347 1236 479 1298 quendam
491 1234 562 1282 silvis
575 1235 745 1282 inmurmurat
757 1241 851 1292 auster,

186 1332 214 1373 ut
226 1339 296 1373 mare
309 1323 448 1371 sollicitum
461 1323 546 1370 stridit
557 1322 721 1372 refluentibus
734 1323 820 1382 undis,

185 1418 284 1461 aestuat
296 1419 325 1459 ut
336 1411 430 1460 clausis
444 1412 549 1474 rapidus
562 1411 710 1460 fornacibus
722 1412 818 1475 ignia):

184 1500 227 1548 hic
239 1501 292 1548 iam
304 1501 446 1562 galbaneos
459 1500 573 1548 suadebo
585 1501 722 1549 incendere
735 1500 828 1549 odores

115 1594 164 1638 265
184 1590 315 1651 mellaque
328 1589 494 1637 harundineis
508 1589 602 1637 inferre
614 1588 756 1648 canalibus,
773 1591 841 1637 ultro

185 1677 330 1725 hortantem
343 1684 369 1725 et
380 1677 460 1725 fessas
474 1678 506 1724 ad
519 1676 617 1740 pabula
628 1684 691 1725 nota
702 1686 846 1726 vocantem.

185 1767 300 1829 proderit
312 1771 338 1813 et
349 1772 453 1813 mnsam
465 1767 552 1827 gallae
565 1765 705 1814 admiscere
717 1774 838 1829 saperem

186 1855 332 1916 ruentisque
345 1869 417 1902 rosas
429 1862 474 1902 aut
486 1854 540 1915 igni
553 1854 660 1916 pinguia
674 1856 755 1903 multo

186 1943 286 1991 defruta
298 1943 337 1991 vel
351 1943 447 2005 psithia
458 1957 548 2005 passos
562 1943 593 1990 de
606 1943 655 1990 vite
669 1957 784 1991 racemos

116 2035 168 2079 270
188 2029 394 2094 Cecropiumque
406 2032 522 2094 thymum
534 2038 560 2079 et
570 2045 647 2092 grave
660 2032 904 2082 olentiacentourea

186 2126 224 2167 est
237 2120 313 2168 ctiam
326 2119 372 2167 flos
386 2121 412 2168 in
426 2121 505 2182 pratis
519 2121 559 2168 cui
573 2135 667 2168 nomen
682 2121 777 2167 amello

186 2208 269 2256 iecere
280 2209 421 2270 agricolae,
437 2209 519 2256 iacilis
533 2208 715 2270 quaerentibus
728 2208 824 2266 herba;

186 2309 298 2358 namque
310 2310 362 2343 nno
376 2297 507 2357 ingentem
519 2297 589 2345 tollit
602 2298 633 2345 de
647 2297 759 2359 caespite
776 2297 877 2356 silvam,

187 2398 279 2433 aureus
292 2384 356 2446 ipae,
372 2385 416 2432 sed
430 2385 457 2432 in
470 2385 548 2442 foliis,
564 2398 631 2446 quae
644 2385 755 2447 plurima
769 2385 867 2434 circum

116 2475 166 2521 275
187 2472 337 2530 funduntur,
352 2473 436 2520 violae
448 2473 567 2522 sublucet
578 2487 691 2536 purpura
704 2474 808 2534 nigrac3

187 2574 263 2623 saepe
277 2561 353 2609 deum
366 2561 439 2608 nexis
451 2563 558 2610 ornatae
570 2561 704 2624 torquibus
719 2575 797 2621 arao;

187 2662 262 2710 asper
274 2649 301 2696 in
313 2663 360 2698 ore
369 2662 463 2711 sapor3
484 2650 565 2698 tonsis
578 2650 605 2696 in
618 2649 729 2699 vallibus
742 2649 816 2698 illurn
